<!DOCTYPE html>
<html class="noJs" xmlns:wairole="http://www.w3.org/2005/01/wai-rdf/GUIRoleTaxonomy#" xmlns:waistate="http://www.w3.org/2005/07/aaa" lang="en" xml:lang="en">
<!-- BEGIN CategoriesDisplay.jsp -->
<head>
    <title>Berries, Cherries &amp; Currants  | Sainsbury&#039;s</title>
    <meta name="description" content="Buy from our berries, cherries &amp; currants   range. Choose from 1 hour delivery slots and collect Nectar points online today. Buy online today."/>
    <meta name="keyword" content=""/>
    <link rel="canonical" href="https://www.sainsburys.co.uk/shop/gb/groceries/fruit-veg/berries-cherries-currants" />
    <!-- BEGIN CommonCSSToInclude.jspf --><!--[if IE 8]>
    <link type="text/css" href="//www.sainsburys.co.uk/wcsstore7.28.113/SainsburysStorefrontAssetStore/css/main-ie8.min.css" rel="stylesheet" media="all" />
	<![endif]-->

    <!--[if !IE 8]><!-->
   
    <link type="text/css" href="//www.sainsburys.co.uk/wcsstore7.28.113/SainsburysStorefrontAssetStore/css/main.min.css" rel="stylesheet" media="all" />
    <!--<![endif]-->
 
    
            <link type="text/css" href="https://cmscdn.sainsburys.co.uk/solContent/.resources/sainsburysTemplates/webresources/dist/main/espot.main.min.css" rel="stylesheet" media="all" />
        
            <link type="text/css" href="https://cmscdn.sainsburys.co.uk/solContent/.resources/sainsburysCSSOverride/webresources/css/espot.override.min.css" rel="stylesheet" media="all" />
        
	<link type="text/css" href="//www.sainsburys.co.uk/wcsstore7.28.113/SainsburysStorefrontAssetStore/wcassets/groceries/css/espot.css" rel="stylesheet" media="all" />
	<link type="text/css" href="//www.sainsburys.co.uk/wcsstore7.28.113/SainsburysStorefrontAssetStore/css/print.css" rel="stylesheet" media="print"/>	
<!-- END CommonCSSToInclude.jspf --><!-- BEGIN CommonJSToInclude.jspf -->
<meta name="CommerceSearch" content="storeId_10151" />



<script type="text/javascript">  
    var _deliverySlotInfo = {                          
            expiryDateTime: '',
            currentDateTime: 'June 16,2018 23:21:13',
            ajaxCountDownUrl: 'CountdownDisplayView?langId=44&amp;storeId=10151',
            ajaxExpiredUrl: 'DeliverySlotExpiredDisplayView?langId=44&amp;storeId=10151&amp;currentPageUrl=https%3a%2f%2fwww.sainsburys.co.uk%2fwebapp%2fwcs%2fstores%2fservlet%2fCategoryDisplay%3flangId%3d44%26storeId%3d10151%26krypto%3da4fbIjhxfybI80CD44glFW73Nj%252Bz4ok1m6NR%252BZsiJOs%252FNPEHvw1E0jqVVURQ4szeMYVgEQZ8OaNoDnrOnzsDCzPqFKSr3nrTlATL33VRbl%252FZY5lPgAKcXIltNK3NqTE2pgkNW8B29FSYgoVkcFSM5nfG%252BKnDEUKsK1cZarIsSQw%253D%26ddkey%3dhttps%253Agb%252Fgroceries%252Ffruit-veg%252Fberries-cherries-currants&amp;AJAXCall=true'
        }
    var _amendOrderSlotInfo = {                          
            expiryDateTime: '',
            currentDateTime: 'June 16,2018 23:21:13',
            ajaxAmendOrderExpiryUrl: 'AjaxOrderAmendSlotExpiryView?langId=44&amp;storeId=10151&amp;currentPageUrl=https%3a%2f%2fwww.sainsburys.co.uk%2fwebapp%2fwcs%2fstores%2fservlet%2fCategoryDisplay%3flangId%3d44%26storeId%3d10151%26krypto%3da4fbIjhxfybI80CD44glFW73Nj%252Bz4ok1m6NR%252BZsiJOs%252FNPEHvw1E0jqVVURQ4szeMYVgEQZ8OaNoDnrOnzsDCzPqFKSr3nrTlATL33VRbl%252FZY5lPgAKcXIltNK3NqTE2pgkNW8B29FSYgoVkcFSM5nfG%252BKnDEUKsK1cZarIsSQw%253D%26ddkey%3dhttps%253Agb%252Fgroceries%252Ffruit-veg%252Fberries-cherries-currants'
        }    
    var _commonPageInfo = {
        currentUrl: 'https://www.sainsburys.co.uk/webapp/wcs/stores/servlet/CategoryDisplay?langId=44&amp;storeId=10151&amp;krypto=a4fbIjhxfybI80CD44glFW73Nj%2Bz4ok1m6NR%2BZsiJOs%2FNPEHvw1E0jqVVURQ4szeMYVgEQZ8OaNoDnrOnzsDCzPqFKSr3nrTlATL33VRbl%2FZY5lPgAKcXIltNK3NqTE2pgkNW8B29FSYgoVkcFSM5nfG%2BKnDEUKsK1cZarIsSQw%3D&amp;ddkey=https%3Agb%2Fgroceries%2Ffruit-veg%2Fberries-cherries-currants',
        storeId: '10151',
        langId: '44',
        catalogId: '10123',
        slot: '',
        cache: ''   
    }
</script>

        <script type="text/javascript">
	    var _rhsCheckPostCodeRuleset = {                          
	          postCode: {
	                isEmpty: {
	                      param: true,
	                      text: 'Sorry, we couldn&#39;t recognise that postcode. Please try again.',
	                      msgPlacement: "#checkPostCodePanel #Rhs_checkPostCode .field",
	                      elemToAddErrorClassTo: "#checkPostCodePanel #Rhs_checkPostCode .field"
	                },
	                minLength: {
	                      param: 5,
	                      text: 'Sorry, this entry must be between 5 to 8 characters long.',
	                      msgPlacement: "#checkPostCodePanel #Rhs_checkPostCode .field",
	                      elemToAddErrorClassTo: "#checkPostCodePanel #Rhs_checkPostCode .field"
	                },
	                isPostcode: {
	                      param: true,
	                      text: 'Sorry, we couldn&#39;t recognise that postcode. Please try again.',
	                      msgPlacement: "#checkPostCodePanel #Rhs_checkPostCode .field",
	                      elemToAddErrorClassTo: "#checkPostCodePanel #Rhs_checkPostCode .field"
	                }
	          }
	    }
	    </script>
    
<script type="text/javascript">
      var typeAheadTrigger = 2;
</script>



<script type="text/javascript" data-dojo-config="isDebug: false, useCommentedJson: true,locale: 'en-gb', parseOnLoad: true, dojoBlankHtmlUrl:'/wcsstore/SainsburysStorefrontAssetStore/js/dojo.1.7.1/blank.html'" src="//www.sainsburys.co.uk/wcsstore7.28.113/SainsburysStorefrontAssetStore/js/dojo.1.7.1/dojo/dojo.js"></script>


<script type="text/javascript">"undefined"==typeof digitalData&&(digitalData={event:[]}),digitalData.event.push=function(){for(var t=0,e=arguments.length;e>t;t++)this[this.length]=arguments[t];var n="s_"+arguments[0].eventInfo.eventName;if(void 0!=n){var a=null;try{a=new Event(n,{bubbles:!0,cancelable:!1})}catch(i){a=document.createEvent("Event"),a.initEvent(n,!0,!1)}document.addEventListener?document.addEventListener(n,function(t){},!1):document.attachEvent(n,function(t){}),document.dispatchEvent(a)}return this.length};</script>
<script type="text/javascript" src="//www.sainsburys.co.uk/wcsstore7.28.113/SainsburysStorefrontAssetStore/js/sainsburys.js"></script>


<script type="text/javascript">require(["dojo/parser", "dijit/layout/AccordionContainer", "dijit/layout/ContentPane", "dojox/widget/AutoRotator", "dojox/widget/rotator/Fade"]);</script>
<script type="text/javascript" src="//www.sainsburys.co.uk/wcsstore7.28.113/SainsburysStorefrontAssetStore/wcassets/groceries/scripts/page/faq.js"></script>



    <style id="antiCJ">.js body{display:none !important;}</style>
    <script type="text/javascript">if (self === top) {var antiCJ = document.getElementById("antiCJ");antiCJ.parentNode.removeChild(antiCJ);} else {top.location = self.location;}</script>


<script type="text/javascript" src="//www.sainsburys.co.uk/wcsstore7.28.113/SainsburysStorefrontAssetStore/psp247/247tag.PROD.js" async="true"></script>

<!-- Maxymiser script start -->
<script type="text/javascript" src="//service.maxymiser.net/cdn/sainsburyscoUK/js/mmcore.js">
</script>
<!-- Maxymiser script end --><!-- END CommonJSToInclude.jspf -->
</head>

<body id="shelfPage" class="shelfPage">
<div id="page">
    <!-- BEGIN StoreCommonUtilities.jspf --><!-- END StoreCommonUtilities.jspf --><!-- Header Nav Start --><!-- BEGIN LayoutContainerTop.jspf --><!-- BEGIN HeaderDisplay.jspf --><!-- BEGIN CachedHeaderDisplay.jsp -->

<ul id="skipLinks">
    <li><a href="#content">Skip to main content</a></li>
    <li><a href="#groceriesNav">Skip to groceries navigation menu</a></li>
    
</ul>

<div id="globalHeaderContainer">
    <div class="header globalHeader" id="globalHeader">
        <div class="globalNav">
	<ul>
		<li>		
			<a href="http://www.sainsburys.co.uk">
			    Explore more at Sainsburys.co.uk
			</a>
		</li>
		<li>
			<a href="http://help.sainsburys.co.uk" rel="external" class="helpCentre">
			    
                Help Centre 
			</a>
		</li>
		<li>
			<a href="http://stores.sainsburys.co.uk" rel="external" class="soteLocator">
                Store Locator 
			</a>
		</li>
		<li class="loginRegister">
			 
				    
					<a href="https://www.sainsburys.co.uk/shop/LogonView?catalogId=10123&logonCallerId=LogonButton&langId=44&storeId=10151&URL=https%3A%2F%2Fwww.sainsburys.co.uk%2Fshop%2FMyAccount%3FlangId%3D44%26storeId%3D10151" class="login">
						
                        Log in 
					</a>
					<span class="navSeparator"></span>
					<a href="https://www.sainsburys.co.uk/shop/PostcodeCheckView?catalogId=10123&currentPageUrl=http%3A%2F%2Fwww.sainsburys.co.uk%2Fshop%2FProductDisplay%3FcatalogId%3D10123%26errorViewName%3DProductDisplayErrorView%26langId%3D44%26productId%3D115484%26storeId%3D10151&langId=44&storeId=10151" class="register">
                        
                        Register 
                    </a>
				
<div class="globalHeaderTrolleyLink">
        
     
     <a id="checkoutLink" href="https://www.sainsburys.co.uk/shop/OrderCalculate?updatePrices=1&calculationUsage=-1%2C-2%2C-3&errorViewName=AjaxOrderItemDisplayView&orderId=.&langId=44&storeId=10151&URL=AjaxOrderItemDisplayView" class="">
        <span id="itemsInTrolleyContainer" class="itemsInTrolley  hidden ">
            <span id="itemsInTrolley">0</span><span class="access">&nbsp;items in trolley</span>
        </span>
		
        <span class="subTotal">
            <span class="access">Sub-total: </span><span id="trolleySubTotal" class="">Â£0.00</span><span class="access">&nbsp;excluding delivery charge</span>
        </span>        
        <span id="trolleyIcon" class="trolleyIcon "></span>        
        
        <span class="access">
            Full trolley
        </span>
     </a>
</div>
 
		</li>
	</ul>
</div>

	    <div class="globalHeaderLogoSearch">
	        <!-- BEGIN LogoSearchNavBar.jspf -->

<a href="http://www.sainsburys.co.uk/shop/gb/groceries" class="mainLogo"><img src="/wcsstore/SainsburysStorefrontAssetStore/img/logo_sainsburys.svg" alt="Sainsbury's" /></a>
<a class="findMultiProduct" href="https://www.sainsburys.co.uk/shop/ShoppingListDisplay?catalogId=10123&action=ShoppingListDisplay&urlLangId=&langId=44&storeId=10151">Multi-product search</a>

<!-- END LogoSearchNavBar.jspf -->
        </div>
        <div id="groceriesNav" class="groceriesNav">
            <div class="mainNavBlock">
            
	            <ul class="mainNav">
	                <li class="mainNavItem" id="groceriesTopMenu">
	                    
	                            <a class="mainNavLink active" href="https://www.sainsburys.co.uk/shop/gb/groceries">Groceries<span id="mainNavArrow" class="mainNavArrowIconDown"></span></a>
	                        
	                </li> 
	                <li class="mainNavItem">
	                    
                <a class="mainNavLink" href="https://www.sainsburys.co.uk/shop/gb/groceries/favourites">Favourites</a>
            
	                      
	                </li>
	                <li class="mainNavItem">
	                    
	                          <a class="mainNavLink" href="https://www.sainsburys.co.uk/shop/gb/groceries/great-offers">Great Prices</a>
	                        
	                </li>
	                <li class="mainNavItem">
	                    
	                           <a class="mainNavLink" href="https://www.sainsburys.co.uk/shop/gb/groceries/discover">Discover</a>
	                        
	                </li>
	                
	                <li class="mainNavItem">
	                    
	                           <a class="mainNavLink" href="http://recipes.sainsburys.co.uk">Recipes</a>
	                        
	                </li>
	                
	                <li class="mainNavItem">
	                
		                    <a class="mainNavLink" href="/shop/gb/saver" target="_blank" >Delivery Pass</a>
		                
	                </li>
	                
		                <li class="mainNavItem">
	                        
	                                <a class="mainNavLink" href="https://www.sainsburys.co.uk/shop/gb/groceries/new---trending/fathers-day-?shoppingAreaId=Father&#039;s Day">Father&#039;s Day</a>                            
	                            
		                </li>
	                
	            </ul>
	            <div class="searchBox" role="search">
				    

    <form name="sol_search" method="get" action="SearchDisplay" id="globalSearchForm">

        <input type="hidden" name="viewTaskName" value="CategoryDisplayView" />
        <input type="hidden" name="recipesSearch" value="true" />
        <input type="hidden" name="orderBy" value="RELEVANCE" />

        
              <input type="hidden" name="favouritesSelection" value="0"/>
          
              <input type="hidden" name="langId" value="44"/>
          
              <input type="hidden" name="storeId" value="10151"/>
          
        
        <label for="search" class="access">Search for products</label>
        <input type="search" name="searchTerm" id="search" maxlength="150" value="" autocomplete="off" placeholder="Search products" />
        <button type="button" id="clearSearch" class="clearSearch hidden">Clear the search field</button>
        <input type="submit" class="" name="searchSubmit" id="searchSubmit" value="Search" />
    </form>
  
				
				</div>
			</div>
            
			    <div id="megaNavOverlay" class="megaNavOverlay hidden">
			        

 <div class="megaNav" id="groceriesNavMenu">
 
    <div class="megaNavMobileActions hidden" id="megaNavMobileActions">
	    
        <a class="buttonSecondary myAccountLink" href="https://www.sainsburys.co.uk/shop/MyAccount?langId=44&storeId=10151">
            My account
        </a>
        <div class="separator"></div>
        
        <a class="buttonSecondary logoutLink" href="https://www.sainsburys.co.uk/shop/preLogOff?catalogId=10123&previousPageUrl=http%3A%2F%2Fwww.sainsburys.co.uk%2Fshop%2FProductDisplay%3FcatalogId%3D10123%26errorViewName%3DProductDisplayErrorView%26langId%3D44%26productId%3D115484%26storeId%3D10151&langId=44&storeId=10151&logOutClicked=true">
            Log out
        </a>
	       
    </div>
    
    
    <div class="megaNavInner" id="megaNavInner">
        <ul class="megaNavList megaNavLevelZero hidden" id="megaNavLevelZero">
            <li class="megaNavListItem listHeader">
                <div class="megaNavLink">Browse</div>
            </li>
            <li class="megaNavListItem" id="groceriesLevelZeroLink">
                <a class="megaNavLink">Groceries<span class="megaNavArrowIcon"></span></a>
            </li>
            
                <li class="megaNavListItem">
                    <a class="megaNavLink" href="LogonView?fromFooterMyAccountLink=true&logonCallerId=LogonButton&isDeliveryPoscodeValid=false&storeId=10151&URL=">Favourites</a>
                </li>
              
            <li class="megaNavListItem">
                <a class="megaNavLink" href="https://www.sainsburys.co.uk/shop/gb/groceries/great-offers">Great Prices</a>
            </li>
            <li class="megaNavListItem">
                <a class="megaNavLink" href="https://www.sainsburys.co.uk/shop/gb/groceries/discover">Discover</a>
            </li>
            
            <li class="megaNavListItem">
                <a class="megaNavLink" href="http://recipes.sainsburys.co.uk">Recipes</a>
            </li>
            
                    <li class="megaNavListItem">
	                    <a class="megaNavLink" href="https://www.sainsburys.co.uk/shop/PostcodeCheckView?catalogId=10123&currentPageUrl=http%3A%2F%2Fwww.sainsburys.co.uk%2Fshop%2FProductDisplay%3FcatalogId%3D10123%26errorViewName%3DProductDisplayErrorView%26langId%3D44%26productId%3D115484%26storeId%3D10151&langId=44&storeId=10151">Book Delivery</a>
	                </li>
	                 
            <li class="megaNavListItem">
                
                        <a class="megaNavLink" href="/shop/gb/saver" target="_blank" >Delivery Pass</a>
                    
           </li>       
        </ul><!--  
        
        --><ul class="megaNavList megaNavLevelOne " id="megaNavLevelOne">
            <li class="megaNavListItem megaNavBackLinkItemElm hidden" data-itemid="backLinkItem">
                <a class="megaNavLink megaNavBackLink" data-itemid="backLinkItem" href="#"><span class="megaNavleftArrowIcon"></span>Back</a>
            </li>
            <li class="megaNavListItem hidden" id="megaNavGroceriesHomeLinkItem">
                <a class="megaNavLink megaNavGroceriesHomeLink" id="megaNavGroceriesHomeLink" data-itemId="" href="https://www.sainsburys.co.uk/shop/MobileHomeView?langId=44&storeId=10151">Groceries home</span></a>
            </li>
            
            
	             <li class="megaNavListItem" data-itemId="355372" >
	                <a class="megaNavLink "  data-itemId="355372" href="https://www.sainsburys.co.uk/shop/gb/groceries/new---trending?fromMegaNav=1">New & trending<span class="megaNavArrowIcon"></span></a>
	            </li>
	            
                
	             <li class="megaNavListItem" data-itemId="383889" >
	                <a class="megaNavLink "  data-itemId="383889" href="https://www.sainsburys.co.uk/shop/gb/groceries/summer-bbq-?fromMegaNav=1">Summer BBQ<span class="megaNavArrowIcon"></span></a>
	            </li>
	            
                
	             <li class="megaNavListItem" data-itemId="374853" >
	                <a class="megaNavLink "  data-itemId="374853" href="https://www.sainsburys.co.uk/shop/gb/groceries/holiday-shop-?fromMegaNav=1">Holiday shop<span class="megaNavArrowIcon"></span></a>
	            </li>
	            
                
	             <li class="megaNavListItem" data-itemId="12518" >
	                <a class="megaNavLink "  data-itemId="12518" href="https://www.sainsburys.co.uk/shop/gb/groceries/fruit-veg?fromMegaNav=1">Fruit & vegetables<span class="megaNavArrowIcon"></span></a>
	            </li>
	            
                
	             <li class="megaNavListItem" data-itemId="13343" >
	                <a class="megaNavLink "  data-itemId="13343" href="https://www.sainsburys.co.uk/shop/gb/groceries/meat-fish?fromMegaNav=1">Meat & fish<span class="megaNavArrowIcon"></span></a>
	            </li>
	            
                
	             <li class="megaNavListItem" data-itemId="267396" >
	                <a class="megaNavLink "  data-itemId="267396" href="https://www.sainsburys.co.uk/shop/gb/groceries/dairy?fromMegaNav=1">Dairy<span class="megaNavArrowIcon"></span></a>
	            </li>
	            
                
	             <li class="megaNavListItem" data-itemId="267397" >
	                <a class="megaNavLink "  data-itemId="267397" href="https://www.sainsburys.co.uk/shop/gb/groceries/chilled-?fromMegaNav=1">Chilled<span class="megaNavArrowIcon"></span></a>
	            </li>
	            
                
	             <li class="megaNavListItem" data-itemId="12320" >
	                <a class="megaNavLink "  data-itemId="12320" href="https://www.sainsburys.co.uk/shop/gb/groceries/bakery?fromMegaNav=1">Bakery<span class="megaNavArrowIcon"></span></a>
	            </li>
	            
                
	             <li class="megaNavListItem" data-itemId="218831" >
	                <a class="megaNavLink "  data-itemId="218831" href="https://www.sainsburys.co.uk/shop/gb/groceries/frozen-?fromMegaNav=1">Frozen<span class="megaNavArrowIcon"></span></a>
	            </li>
	            
                
	             <li class="megaNavListItem" data-itemId="12422" >
	                <a class="megaNavLink "  data-itemId="12422" href="https://www.sainsburys.co.uk/shop/gb/groceries/food-cupboard?fromMegaNav=1">Food cupboard<span class="megaNavArrowIcon"></span></a>
	            </li>
	            
                
	             <li class="megaNavListItem" data-itemId="340854" >
	                <a class="megaNavLink "  data-itemId="340854" href="https://www.sainsburys.co.uk/shop/gb/groceries/beer-wine-and-spirits-?fromMegaNav=1">Beer, wine & spirits<span class="megaNavArrowIcon"></span></a>
	            </li>
	            
                
	             <li class="megaNavListItem" data-itemId="12192" >
	                <a class="megaNavLink "  data-itemId="12192" href="https://www.sainsburys.co.uk/shop/gb/groceries/drinks?fromMegaNav=1">Drinks<span class="megaNavArrowIcon"></span></a>
	            </li>
	            
                
	             <li class="megaNavListItem" data-itemId="12448" >
	                <a class="megaNavLink "  data-itemId="12448" href="https://www.sainsburys.co.uk/shop/gb/groceries/health-beauty?fromMegaNav=1">Health & beauty<span class="megaNavArrowIcon"></span></a>
	            </li>
	            
                
	             <li class="megaNavListItem" data-itemId="11651" >
	                <a class="megaNavLink "  data-itemId="11651" href="https://www.sainsburys.co.uk/shop/gb/groceries/baby-toddler-products?fromMegaNav=1">Baby & toddler<span class="megaNavArrowIcon"></span></a>
	            </li>
	            
                
	             <li class="megaNavListItem" data-itemId="12564" >
	                <a class="megaNavLink "  data-itemId="12564" href="https://www.sainsburys.co.uk/shop/gb/groceries/household?fromMegaNav=1">Household<span class="megaNavArrowIcon"></span></a>
	            </li>
	            
                
	             <li class="megaNavListItem" data-itemId="12298" >
	                <a class="megaNavLink "  data-itemId="12298" href="https://www.sainsburys.co.uk/shop/gb/groceries/pet?fromMegaNav=1">Pet<span class="megaNavArrowIcon"></span></a>
	            </li>
	            
                
	             <li class="megaNavListItem" data-itemId="281806" >
	                <a class="megaNavLink "  data-itemId="281806" href="https://www.sainsburys.co.uk/shop/gb/groceries/home?fromMegaNav=1">Home & outdoor<span class="megaNavArrowIcon"></span></a>
	            </li>
	            
                
        </ul><!--  

        
        --><ul class="megaNavList megaNavLevelTwo" id="megaNavLevelTwo">
            
        </ul><!--  

        
        --><ul class="megaNavList megaNavLevelThree" id="megaNavLevelThree"></ul><!-- 
        
        
         --><ul class="megaNavList megaNavLevelFour" id="megaNavLevelFour"></ul>
    </div>
</div>
			    </div>
			    <div class="megaNavOverlayMaskElem megaNavOverlayMask hidden" id="megaNavOverlayMask"></div>    
			
                    <p class="access  jsHide">Groceries Categories</p>
                    <hr class=" jsHide"/>
                    <div class="subNav jsHide" >
                        <ul>
                            
                                <li>
                                    
                                            <a href="https://www.sainsburys.co.uk/shop/gb/groceries/new---trending">New &amp; trending</a>
                                         
                                   </li>
                              
                                <li>
                                    
                                            <a href="https://www.sainsburys.co.uk/shop/gb/groceries/summer-bbq-">Summer BBQ</a>
                                         
                                   </li>
                              
                                <li>
                                    
                                            <a href="https://www.sainsburys.co.uk/shop/gb/groceries/holiday-shop-">Holiday shop</a>
                                         
                                   </li>
                              
                                <li>
                                    
                                            <a class="active" href="https://www.sainsburys.co.uk/shop/gb/groceries/fruit-veg">Fruit &amp; vegetables</a>
                                             
                                   </li>
                              
                                <li>
                                    
                                            <a href="https://www.sainsburys.co.uk/shop/gb/groceries/meat-fish">Meat &amp; fish</a>
                                         
                                   </li>
                              
                                <li>
                                    
                                            <a href="https://www.sainsburys.co.uk/shop/gb/groceries/dairy">Dairy</a>
                                         
                                   </li>
                              
                                <li>
                                    
                                            <a href="https://www.sainsburys.co.uk/shop/gb/groceries/chilled-">Chilled</a>
                                         
                                   </li>
                              
                                <li>
                                    
                                            <a href="https://www.sainsburys.co.uk/shop/gb/groceries/bakery">Bakery</a>
                                         
                                   </li>
                              
                                <li>
                                    
                                            <a href="https://www.sainsburys.co.uk/shop/gb/groceries/frozen-">Frozen</a>
                                         
                                   </li>
                              
                                <li>
                                    
                                            <a href="https://www.sainsburys.co.uk/shop/gb/groceries/food-cupboard">Food cupboard</a>
                                         
                                   </li>
                              
                                <li>
                                    
                                            <a href="https://www.sainsburys.co.uk/shop/gb/groceries/beer-wine-and-spirits-">Beer, wine &amp; spirits</a>
                                         
                                   </li>
                              
                                <li>
                                    
                                            <a href="https://www.sainsburys.co.uk/shop/gb/groceries/drinks">Drinks</a>
                                         
                                   </li>
                              
                                <li>
                                    
                                            <a href="https://www.sainsburys.co.uk/shop/gb/groceries/health-beauty">Health &amp; beauty</a>
                                         
                                   </li>
                              
                                <li>
                                    
                                            <a href="https://www.sainsburys.co.uk/shop/gb/groceries/baby-toddler-products">Baby &amp; toddler</a>
                                         
                                   </li>
                              
                                <li>
                                    
                                            <a href="https://www.sainsburys.co.uk/shop/gb/groceries/household">Household</a>
                                         
                                   </li>
                              
                                <li>
                                    
                                            <a href="https://www.sainsburys.co.uk/shop/gb/groceries/pet">Pet</a>
                                         
                                   </li>
                              
                                <li>
                                    
                                            <a href="https://www.sainsburys.co.uk/shop/gb/groceries/home">Home &amp; outdoor</a>
                                         
                                   </li>
                              
                        </ul>
                    </div>
                
        </div>    
        
    </div>
</div>

<!-- Generated on: Sat Jun 16 03:39:55 BST 2018  -->
<!-- END CachedHeaderDisplay.jsp --><!-- END HeaderDisplay.jspf --><!-- END LayoutContainerTop.jspf --><!-- Header Nav End --><!-- Main Area Start -->
    <div id="main">
        <!-- Content Start -->
        <div class="article" id="content">
            <!--  START BreadCrumbTrailDisplay.jsp -->
                  <div class="nav breadcrumb" id="breadcrumbNav">
                    <p class="access">You are here:</p>  
                    <ul id="breadcrumbNavList">
                        
<li class="first"><span class="corner"></span><a href="https://www.sainsburys.co.uk/shop/gb/groceries/fruit-veg"><span>Fruit & vegetables</span></a>
    
        <span class="arrow"></span>
    
    <div>
        <p>Select an option:</p>
        <ul>
            
                <li><a href="https://www.sainsburys.co.uk/shop/gb/groceries/fruit-veg/eat-the-rainbow">Eat the rainbow</a></li>
            
                <li><a href="https://www.sainsburys.co.uk/shop/gb/groceries/fruit-veg/top-sellers">Top sellers</a></li>
            
                <li><a href="https://www.sainsburys.co.uk/shop/gb/groceries/fruit-veg/new-in-season">Best in season</a></li>
            
                <li><a href="https://www.sainsburys.co.uk/shop/gb/groceries/fruit-veg/flowers---seeds">Flowers & plants</a></li>
            
                <li><a href="https://www.sainsburys.co.uk/shop/gb/groceries/fruit-veg/carb-alternatives">Carb alternatives</a></li>
            
                <li><a href="https://www.sainsburys.co.uk/shop/gb/groceries/fruit-veg/fresh-fruit">Fresh fruit</a></li>
            
                <li><a href="https://www.sainsburys.co.uk/shop/gb/groceries/fruit-veg/fresh-vegetables">Fresh vegetables</a></li>
            
                <li><a href="https://www.sainsburys.co.uk/shop/gb/groceries/fruit-veg/fresh-salad">Fresh salad</a></li>
            
                <li><a href="https://www.sainsburys.co.uk/shop/gb/groceries/fruit-veg/fresh-herbs-ingredients">Fresh herbs & ingredients</a></li>
            
                <li><a href="https://www.sainsburys.co.uk/shop/gb/groceries/fruit-veg/prepared-ready-to-eat">Prepared fruit, veg & salad</a></li>
            
                <li><a href="https://www.sainsburys.co.uk/shop/gb/groceries/fruit-veg/organic">Organic</a></li>
            
                <li><a href="https://www.sainsburys.co.uk/shop/gb/groceries/fruit-veg/taste-the-difference-185761-44">Taste the Difference</a></li>
            
                <li><a href="https://www.sainsburys.co.uk/shop/gb/groceries/fruit-veg/fruit-veg-fairtrade">Fairtrade</a></li>
            
                <li><a href="https://www.sainsburys.co.uk/shop/gb/groceries/fruit-veg/frozen-fruit---vegetables">Frozen fruit & vegetables</a></li>
            
        </ul>
    </div>
</li>

            <li class="second"><a href="https://www.sainsburys.co.uk/shop/gb/groceries/fruit-veg/fresh-fruit"><span>Fresh fruit</span></a> <span class="arrow"></span>
                <div>
                <p>Select an option:</p>
                    <ul>
                        
                            <li><a href="https://www.sainsburys.co.uk/shop/gb/groceries/fruit-veg/all-fruit">All fruit</a></li>
                        
                            <li><a href="https://www.sainsburys.co.uk/shop/gb/groceries/fruit-veg/ripe---ready">Ripe & ready</a></li>
                        
                            <li><a href="https://www.sainsburys.co.uk/shop/gb/groceries/fruit-veg/bananas-grapes">Bananas & grapes</a></li>
                        
                            <li><a href="https://www.sainsburys.co.uk/shop/gb/groceries/fruit-veg/apples-pears-rhubarb">Apples, pears & rhubarb</a></li>
                        
                            <li><a href="https://www.sainsburys.co.uk/shop/gb/groceries/fruit-veg/berries-cherries-currants">Berries, cherries & currants</a></li>
                        
                            <li><a href="https://www.sainsburys.co.uk/shop/gb/groceries/fruit-veg/citrus-fruit">Citrus fruit</a></li>
                        
                            <li><a href="https://www.sainsburys.co.uk/shop/gb/groceries/fruit-veg/nectarines-plums-apricots-peaches">Nectarines, plums, apricots & peaches</a></li>
                        
                            <li><a href="https://www.sainsburys.co.uk/shop/gb/groceries/fruit-veg/melon-pineapple-kiwi">Kiwi & pineapple</a></li>
                        
                            <li><a href="https://www.sainsburys.co.uk/shop/gb/groceries/fruit-veg/melon---mango">Melon & mango</a></li>
                        
                            <li><a href="https://www.sainsburys.co.uk/shop/gb/groceries/fruit-veg/mango-exotic-fruit-dates-nuts">Papaya, pomegranate & exotic fruit</a></li>
                        
                            <li><a href="https://www.sainsburys.co.uk/shop/gb/groceries/fruit-veg/dates--nuts---figs">Dates, nuts & figs</a></li>
                        
                            <li><a href="https://www.sainsburys.co.uk/shop/gb/groceries/fruit-veg/ready-to-eat">Ready to eat fruit</a></li>
                        
                            <li><a href="https://www.sainsburys.co.uk/shop/gb/groceries/fruit-veg/organic-fruit">Organic fruit</a></li>
                        
                            <li><a href="https://www.sainsburys.co.uk/shop/gb/groceries/fruit-veg/special-offers-279819-44">Special offers</a></li>
                        
                    </ul>
                </div>
            </li>
        
    <li class="third"><a href="https://www.sainsburys.co.uk/shop/gb/groceries/fruit-veg/berries-cherries-currants"><span>Berries, cherries & currants</span></a>
        
    </li>
    
                    </ul>
                  </div>
                <!--  END BreadCrumbTrailDisplay.jsp --><!-- BEGIN MessageDisplay.jspf --><!-- END MessageDisplay.jspf --><!--  getting ready for shelf import  --><!-- BEGIN ShelfDisplay.jsp -->
	       <script type="text/javascript">
	           var image = document.createElement('img')
	           image.src = '//b.hlserve.com/beacon?fid=425&hl_qs=HJvCTeH84jS51yBiAULaUQzx1hyCHo%2boaPwpoaALkeMWPjRodtmqA7yAjKiyb8q4s9xKENsaRoKC%2fcf4cfAkfpf2t1%2btRaIIEZ4pnH%2bGZ9zB6EB1sr%2f%2bw0YOYqeONUFvYgi5JClZIcu8GvRkN3GEWg6tlKO8Sm2OIrh6G%2fkCoKBM3YbJtM0gBXjxHgGPWLIobqDXRUoruJajsyRWmfPVzi1ucUimDWXn7BQ%2fB%2bTlw4rZooa0ovCUp6OcKf3a6aLDuM2bNrRIfkpPsZcaERram5WdwJ5eNhyyZA0f03YGa%2baP%2fVTE0cjHmP%2bXf%2bTuLQRmDTGUnalWDcNFwgYYUSUTdkFC5OL6fiORYHZkwrjZw%2bdV%2f0AdCH2iJUFB%2bQeADw1Y4HpaynNiNxaX%2bN3vJXdeZ9YKt4pXG%2fpe68S%2f4olNKzWGWT3xH4OhscDN6TJBmAyuUEwXNHSS314n1A0awyJvohOQ8Uq8%2bJKrdbuahnRQrE2j0gG2kSKfmgYYV1wRtx8DEWkhFx7A65%2bAqU7AtcbtBO%2bFO3aSNR46fUzK%2fDFJRTvR%2bwt%2fN80tR7IibYqsWa1BimkePqH7mLLFSCOGMygC4WqxJZLojBoEL1chASas%2fpe3EZ%2bmSXqgTOppsSjrNewptPf%2fX%2f3VdO02E8Mccg4cxSzeN0HaPRV0mQstqD%2bPoKtDJYgm0AZIiHLX3kC2pnTucvyyVvf981lvKoIR6XTy6yQmToT8gEDWzyeaGZMERxZNY0vpANClNUyWPXroUTT8dfFD2FeUEGsRimlnzoMBNdhb14lbbTa5yQ7ywhL8z%2f4hxkHMMOiCinxkrHeZmC9qiIcMNqxAUBJZhzYu9c%2boPwfAniaBEkdRd1qU19CDAVqAJ4jm%2fWi23DcemJdw98%2bEifFHQJT%2fk6nf%2bSPB1jm%2bDX9jwwoFl9vpCEstwA%2fyvg1hCJ%2f2XWUuLRQJgcHYpR16AYGB%2fCemuAJMmY876qw7w2o001EQep3foxjU8aHDwRnPpTFvVUOFPdsPsoYMf4E1dn1fpIOjWkg40Jh58Bz6xsiFVyRGt2YzJeI8Osm%2bpvcfA9sYw5rEqun89aa1KmCHlVsLLlh%2fXLBViCzuyuoWoRDyLY%2f32%2fgaWmrFapEoWfZZL%2bZxwlW%2bEc6D5Dj6XsCD5HXV4bPgAWpb5qSQz8HQ1DGUK%2bEiOS90y2rzw1wualFfdxMLgM3SQsN5B9ls9DO0MeDyZSWRBjNem03I2TkWR8Xe9UsdKx7eoMQyMkPsWgIEnawzcDM%2bREWsQf3qwcIUww8px2fGwbmTJ3ZmiJWXMoWxzFw8JKkwigYGiHHPKhLiVzo2KrXvnDDB4SC6AlfZq9T6r9cET8PcCW27h7mrFQ4c2j88KgEu5c0rn0Jud52HqvC%2bcMhbF9RyxsClh0WhV1pRq18ySn2tq2MotOzubV062vEwFQ4MeBXLBdseNmrfaiVw9hl%2f7yxOjAnW1PNOuKn7gizxlYas3DZ3oFNeaoCotN%2fXFfOJzr%2bbaVc6xIz5rAfwbXHR8bYkdLz1hWOeZfWfSYq%2fS4YPqlbi90dTlTL6mK%2fGVpJkaVGfVBZdbjMhYKC60q3SxnJOnr%2b%2bXI8vpJT0zV%2fQzwHlDHH7n1EOtrxx5MO1IkwUSwpnNJl2q9FG%2flyfdtC0yub6hQFSC6oQIAe3083%2f3WoEj37HwU3i0wEi%2bwwQzLsVcO0Bwj6C89Ifp4j7UJAB7xs01Yc9Q3LOq7CEgj60dQXm3r0L4WHphdntFHt5PynmJG4DB5lJ9J48Wfr3Pf1BmBlhcT1YQONB1HIpZyr83thK7ozk8hy0SCaBTEoKlAaSK8qF90KHqJrNnvyst41EIVuUb8b34WlhJvBbUc4boH%2bLLT5dfLBghw%3d%3d&ev=1&action=page&origc=A&pid=0534c03b-df33-4951-a64e-4a30379af4b7&rn=821516405&hmguid=bedcf899-0c3e-45e3-a33a-349d04620eea'
	       </script>
	   

<div class="section">
    
    <h1 id="resultsHeading" class="resultsHeading">
        Berries, cherries & currants&nbsp;(21 products available)
    </h1> 

    
    <div class="section eSpotContainer topESpots">   
    

       <!--  Right POD Espot Name = Z_Default_Espot_Content-->
       <!-- START ZDASPODDisplay.jsp -->

<div id="sitecatalyst_ESPOT_NAME_Z_Default_Espot_Content" class="siteCatalystTag">Z_Default_Espot_Content</div>

<!-- START MarketingSpotActivityDataDisplay.jspf --><!-- END MarketingSpotActivityDataDisplay.jspf --><!-- END ZDASPODDisplay.jsp -->
    </div>
    <!-- DEBUG: shelfTopLeftESpotName = Z:FRUIT_AND_VEGETABLES/D:FRESH_FRUIT/A:BERRIES_CHERRIES_AND_CURRANTS/Shelf_Top_Left --><!-- DEBUG: shelfTopRightESpotName = Z:FRUIT_AND_VEGETABLES/D:FRESH_FRUIT/A:BERRIES_CHERRIES_AND_CURRANTS/Shelf_Top_Right -->
    <div class="eSpotContainer">
    
    <div id="sitecatalyst_ESPOT_NAME_Z:FRUIT_AND_VEGETABLES/D:FRESH_FRUIT/A:BERRIES_CHERRIES_AND_CURRANTS/Shelf_Top_Left" class="siteCatalystTag">Z:FRUIT_AND_VEGETABLES/D:FRESH_FRUIT/A:BERRIES_CHERRIES_AND_CURRANTS/Shelf_Top_Left</div>

    <div id="sitecatalyst_ESPOT_NAME_Z:FRUIT_AND_VEGETABLES/D:FRESH_FRUIT/A:BERRIES_CHERRIES_AND_CURRANTS/Shelf_Top_Right" class="siteCatalystTag">Z:FRUIT_AND_VEGETABLES/D:FRESH_FRUIT/A:BERRIES_CHERRIES_AND_CURRANTS/Shelf_Top_Right</div>

</div>
</div>

        <div class="section" id="filterContainer">
            <!-- FILTER SECTION STARTS HERE--><!-- BEGIN BrowseFacetsDisplay.jspf--><!-- Start Filter -->
	    <h2 class="access">Product filter options</h2>
        <div class="filterSlither">
            <div class="filterCollapseBar">
                <div class="noFlexComponent">
	                <a href="#filterOptions" id="showHideFilterSlither" aria-controls="filterOptions">
		                Filter your list
	                </a>
	                <span class="quantitySelected" id="quantitySelected" role="status" aria-live="assertive" aria-relevant="text">
	                    
	                </span>
	                <a href="https://www.sainsburys.co.uk/shop/CategoryDisplay?pageSize=36&catalogId=10123&orderBy=FAVOURITES_ONLY%7CTOP_SELLERS&facet=&top_category=12518&parent_category_rn=12518&beginIndex=0&categoryId=12563&langId=44&storeId=10151" class="repressive">
	                    Clear filters
	                </a>
	            </div>
            </div>
            
            

			<form class="shelfFilterOptions " id="filterOptions" name="search_facets_form" action="" method="get" class="noFlexComponent">
	            <input type="hidden" value="44" name="langId">
	            <input type="hidden" value="10151" name="storeId">
	            <input type="hidden" value="10123" name="catalogId">
	            <input type="hidden" value="12563" name="categoryId">
	            <input type="hidden" value="12518" name="parent_category_rn">
	            <input type="hidden" value="12518" name="top_category">
	            <input type="hidden" value="36" name="pageSize">
                <input type="hidden" value="FAVOURITES_ONLY|TOP_SELLERS" name="orderBy">
                <input type="hidden" value="" name="searchTerm">
	            <input type="hidden" value="0" name="beginIndex">
                 
                

                <div class="wrapper" id="filterOptionsContainer">
                    
		            

<div class="field options">
    <div class="indicator">
        <p>Options:</p>
    </div>
    <div class="checkboxes">
        
        
            
            <div class="input">
            
            
		                  <input id="globalOptions0" name="facet" type="checkbox" disabled="disabled" value="" aria-disabled="true" />
		               
	                    <label class="favouritesLabel" for="globalOptions0">Favourites</label>
                    
	        </div>
	        
	        
            
            <div class="input">
            
            
		                  <input id="globalOptions1" name="facet" type="checkbox" value="86" />
		               
    	                <label for="globalOptions1">New</label>
		            
	        </div>
	        
	        
            
            <div class="input">
            
            
		                  <input id="globalOptions2" name="facet" type="checkbox" value="88" />
		               
                        <label class="offersLabel" for="globalOptions2">Offers</label>
                    
	        </div>
	        
	        
        
    </div>
    
</div><!-- BEGIN BrandFacetDisplay.jspf -->

<div class="field topBrands">
    <div class="indicator">
        <p>Top Brands:</p>
    </div>
    <div class="checkboxes">
        
        
            <div class="input">
	           
                       <input id="topBrands0" name="facet" type="checkbox" value="887" />
                   
	           <label for="topBrands0">Sainsbury&#039;s</label>
	       </div>
	       
            <div class="input">
	           
                       <input id="topBrands1" name="facet" type="checkbox" value="4294965102" />
                   
	           <label for="topBrands1">SO Organic</label>
	       </div>
	       
            <div class="input">
	           
                       <input id="topBrands2" name="facet" type="checkbox" value="4294966346" />
                   
	           <label for="topBrands2">Taste the Difference</label>
	       </div>
	       
	    
    </div>
</div>

<!-- END BrandFacetDisplay.jspf --><!-- BEGIN TypeFacetDisplay.jspf -->

<div class="field type">
	
	        <div class="indicator">
               <p>Type:</p>
            </div>
	        <div class="checkboxes">
		        
		        
            
                <div class="checkBoxWrapper">
                
		            
		                    
		                    <div class="input">
		                        
		                                <input id="type0" name="facet" type="checkbox" value="4294965865" />
		                            
		                        <label for="type0">Strawberries</label>
		                    </div>
		                    
		                    
		                    
		                    <div class="input">
		                        
		                                <input id="type1" name="facet" type="checkbox" value="4294963004" />
		                            
		                        <label for="type1">Raspberries</label>
		                    </div>
		                    
		                    
		                    
		                    <div class="input">
		                        
		                                <input id="type2" name="facet" type="checkbox" value="4294966352" />
		                            
		                        <label for="type2">Blackberries</label>
		                    </div>
		                    
		                    
		                        </div>
		                        <div class="checkBoxWrapper">
		                    
		                    
		                    <div class="input">
		                        
		                                <input id="type3" name="facet" type="checkbox" value="4294965286" />
		                            
		                        <label for="type3">Blueberries</label>
		                    </div>
		                    
		                    
		                    
		                    <div class="input">
		                        
		                                <input id="type4" name="facet" type="checkbox" value="4294964625" />
		                            
		                        <label for="type4">Cherries</label>
		                    </div>
		                    
		                    
		                    
		                    <div class="input">
		                        
		                                <input id="type5" name="facet" type="checkbox" value="4294963391" />
		                            
		                        <label for="type5">Currants</label>
		                    </div>
		                    
		                    
		        
		        </div>
		        
		    </div>
	        
	    
    
</div>

<!-- END TypeFacetDisplay.jspf -->                    
                </div> 
                
                <!-- BEGIN DietaryFacetDisplay.jspf -->

<div class="filterCollapseBarDietAndLifestyle">
    <a href="#dietAndLifestyle" id="showHideDietAndLifestyle">Dietary & lifestyle options</a>
    <span class="misc">
        (such as vegetarian, organic and British)
    </span>
</div>

<div class="field dietAndLifestyle jsHide" id="dietAndLifestyle">
    <div class="checkboxes">
        
        
            <div class="input">
                
                        <input id="dietAndLifestyle0" name="facet" type="checkbox" value="4294965807" />
                    
                <label for="dietAndLifestyle0">
                   British
                </label>
            </div> 
            
            <div class="input">
                
                        <input id="dietAndLifestyle1" name="facet" type="checkbox" value="4294966045" />
                    
                <label for="dietAndLifestyle1">
                   Organic
                </label>
            </div> 
            

    </div>
</div>

<!-- END DietaryFacetDisplay.jspf -->
            
                <div class="filterActions">
                    <input class="button primary" type="submit" id="applyfilter" name="applyfilter" value="Apply filter" />
                </div>
            </form>
        </div>
        
	<!-- END BrowseFacetsDisplay.jspf--><!-- FILTER SECTION ENDS HERE-->
        </div>
        <div class="section" id="productsContainer">
            <div id="productsOverlay" class="areaOverlay"></div>
            <div id="productLister">
	            
        <h2 class="access">Product pagination</h2>
        <div class="pagination">
    

    <ul class="viewOptions">
        
                <li class="gridSelected">
                    <span class="access">Grid view</span>
                </li>
                <li class="list">
                    <a href="https://www.sainsburys.co.uk/shop/CategoryDisplay?listView=true&amp;orderBy=FAVOURITES_ONLY%7CTOP_SELLERS&amp;parent_category_rn=12518&amp;top_category=12518&amp;langId=44&amp;beginIndex=0&amp;pageSize=36&amp;catalogId=10123&amp;searchTerm=&amp;categoryId=12563&amp;listId=&amp;storeId=10151&amp;promotionId=">
                        <span class="access">List view</span>
                    </a>
                </li>
            
    </ul>


    <form name="search_orderBy_form" action="CategoryDisplay" method="get">
        <input type="hidden" value="44" name="langId">
        <input type="hidden" value="10151" name="storeId">
        <input type="hidden" value="10123" name="catalogId">
        <input type="hidden" value="12563" name="categoryId">
        <input type="hidden" value="36" name="pageSize">
        <input type="hidden" value="0" name="beginIndex">
        
        <input type="hidden" value="" name="promotionId">
        
        <input type="hidden" value="" name="listId">
        <input type="hidden" value="" name="searchTerm">
        <input type="hidden" name="hasPreviousOrder" value="">
        <input type="hidden" name="previousOrderId" value="" />
        <input type="hidden" name="categoryFacetId1" value="" />
        <input type="hidden" name="categoryFacetId2" value="" />
        <input type="hidden" name="bundleId" value="" />

       
        
        <div class="field">
            <div class="indicator">
                <label for="orderBy">Sort by:</label>
            </div>

            
                    <input type="hidden" value="12518" name="parent_category_rn">
                    <input type="hidden" value="12518" name="top_category">
                
            <div class="input">
                <div class="selectWrapper">
	                <select id="orderBy" name="orderBy">
	                    
					            
					            <option value="FAVOURITES_FIRST" >Favourites First</option>
	                            <option value="PRICE_ASC" >Price - Low to High</option>
	                            <option value="PRICE_DESC" >Price - High to Low</option>
	                            <option value="NAME_ASC" >Product Name - A - Z</option>
	                            <option value="NAME_DESC" >Product Name - Z - A</option>
	                            <option value="TOP_SELLERS" >Top Sellers</option>
	                            
	                                <option value="RATINGS_DESC" >Ratings - High to Low</option>
	                            
	                            <option value="NEW" >New</option>
	                        
	                </select>
	                <span></span>
	             </div>
            </div>
        </div>
        <div class="actions">
            <input type="submit" class="button" id="Sort" name="Sort" value="Sort" />
        </div>
    </form>


    <form name="search_pageSize_form" action="CategoryDisplay" method="get">
        <input type="hidden" value="44" name="langId">
        <input type="hidden" value="10151" name="storeId">
        <input type="hidden" value="10123" name="catalogId">
        <input type="hidden" value="12563" name="categoryId">
        <input type="hidden" value="FAVOURITES_ONLY|TOP_SELLERS" name="orderBy">
        <input type="hidden" value="0" name="beginIndex">
        
        <input type="hidden" value="" name="promotionId">
        <input type="hidden" value="" name="listId">
        <input type="hidden" value="" name="searchTerm">
        <input type="hidden" name="hasPreviousOrder" value="">
        <input type="hidden" name="previousOrderId" value="" />
        <input type="hidden" name="categoryFacetId1" value="" />
        <input type="hidden" name="categoryFacetId2" value="" />
        <input type="hidden" name="ImportedProductsCount" value="" />
        <input type="hidden" name="ImportedStoreName" value="" />
        <input type="hidden" name="ImportedSupermarket" value="" />
        <input type="hidden" name="bundleId" value="" />
        
                <input type="hidden" value="12518" name="parent_category_rn">
                <input type="hidden" value="12518" name="top_category">
            
        <div class="field">
          <div class="indicator">
            <label for="pageSize">Per page</label>
          </div>
          <div class="input">
            <div class="selectWrapper">
	            <select id="pageSize" name="pageSize">
	                
	                            <option value="36" selected="selected">36</option>
	                        
	                            <option value="54" >54</option>
	                        
	                            <option value="72" >72</option>
	                        
	                            <option value="90" >90</option>
	                        
	                            <option value="108" >108</option>
	                        
	            </select>
	            <span></span>
	         </div>
          </div>
          </div>
          <div class="actions">
              <input type="submit" class="button" id="Go" name="Go" value="Go" />
          </div>
    </form>

    
    <ul class="pages">
            <li class="previous">
                
                <span class="access">Go to previous page</span>
                
            </li>

        <li class="current"><span class="access">Current page </span><span>1</span></li>
        
            <li class="next">
        
        <span class="access">Go to next page</span>
        
            </li>
    </ul>

       </div>
    
                <h2 class="access">Products</h2>
                
	            <ul class="productLister gridView">
	                <!-- BEGIN MerchandisingAssociationsDisplay.jsp --><!-- Start - JSP File Name:  MerchandisingAssociationsDisplay.jsp -->
    <div class="coverage ranged"></div>
<!-- END MerchandisingAssociationsDisplay.jsp -->
                                
	                            <li class="gridItem">
		                                   <!-- BEGIN CatalogEntryThumbnailDisplay.jsp -->
                    <div id="hasCrossSell_124183"class="product hasCrossSell  highlighted specialOffer"
                    >
                    
                        <div class="productInfo">
                            <div class="productNameAndPromotions">
                                
                                        <h3>
                                            <a href="https://www.sainsburys.co.uk/shop/gb/groceries/berries-cherries-currants/sainsburys-british-strawberries-400g" >
                                                Sainsbury's Strawberries 400g
                                                <img src="//www.sainsburys.co.uk/wcsstore7.28.113/ExtendedSitesCatalogAssetStore/images/catalog/productImages/66/0000001835366/0000001835366_L.jpeg" alt="" />
                                            </a>
                                        </h3>
                                    
    <div class="promotion">
                   
		            <p><a href="https://www.sainsburys.co.uk/shop/PromotionDisplayView?catalogId=10158&langId=44&productId=124182&storeId=10151&promotionId=10311698"><!-- BEGIN include/PromotionStrapline.jspf -->Only Â£1.60: Save 40p<br/>

<!-- FINISH include/PromotionStrapline.jspf -->
		            </a></p>
		                        
    </div>
   
                            </div>
                             
                        </div>
                        
                        
                        
                    
                    <div class="errorBanner hidden" id="error124183"></div>                                 
                    
                    <div class="addToTrolleytabBox">
                        <!-- Start UserSubscribedOrNot.jspf --><!-- Start UserSubscribedOrNot.jsp --><!-- 
			If the user is not logged in, render this opening 
			DIV adding an addtional class to fix the border top which is removed 
			and replaced by the tabs
		-->
		<div class="addToTrolleytabContainer addItemBorderTop">
	<!-- End AddToSubscriptionList.jsp --><!-- End AddSubscriptionList.jspf --><!-- 
                        ATTENTION!!!
                        <div class="addToTrolleytabContainer">
                        This opening div is inside "../../ReusableObjects/UserSubscribedOrNot.jsp"
                        -->
                        
                        <!--  <div class="pricingAndTrolleyFormWrapper"> -->
                    <div class="pricingAndTrolleyOptions">   
                        <div class="priceTab activeContainer priceTabContainer" id="addItem_124183"> 
                            <div class="pricing">
                                
	<p class="pricePerUnit">
    Â£1.60<abbr title="per">/</abbr><abbr title="unit"><span class="pricePerUnitUnit">unit</span></abbr>
</p>
 
    <p class="pricePerMeasure">Â£4.00<abbr 
            title="per">/</abbr><abbr 
            title="kilogram"><span class="pricePerMeasureMeasure">kg</span></abbr>
    </p>

                            </div>                        
                            
                                        <div class="addToTrolleyForm ">                                       
                                            
                                            <!-- BEGIN AddToTrolley.jsp --><!-- fire an on add to bag here from  -->
		
		<form class="addToTrolleyForm" name="OrderItemAddForm_124183" action="OrderItemAdd" method="post" id="OrderItemAddForm_124183" class="addToTrolleyForm">
		    <input type="hidden" name="storeId" value="10151"/>
		    <input type="hidden" name="langId" value="44"/>
		    <input type="hidden" name="catalogId" value="10123"/>
		    
		    
		    <input type="hidden" name="errorViewName" value="CategoryDisplayView"/>
		    <input type="hidden" name="SKU_ID" value="7555699"/>
		    <input type="hidden" name="itemType" value=""/>
		    
		    
	           <input type="hidden" name="ItemSKU_ID" value="7555699"/>
	        
		        <label class="access" for="quantity_124182">Quantity</label>
		        
					<input name="quantity"  id="quantity_124182" type="text" size="3" value="1" class="quantity"   />
				
                    <input type="hidden" name="catEntryId" value="124183"/>
                

		        <input type="hidden" name="productId" value="124182"/>
		        
		
		    <input type="hidden" name="URL" value="https://www.sainsburys.co.uk/webapp/wcs/stores/servlet/CategoryDisplay?langId=44&amp;storeId=10151&amp;krypto=a4fbIjhxfybI80CD44glFW73Nj%2Bz4ok1m6NR%2BZsiJOs%2FNPEHvw1E0jqVVURQ4szeMYVgEQZ8OaNoDnrOnzsDCzPqFKSr3nrTlATL33VRbl%2FZY5lPgAKcXIltNK3NqTE2pgkNW8B29FSYgoVkcFSM5nfG%2BKnDEUKsK1cZarIsSQw%3D&amp;ddkey=https%3Agb%2Fgroceries%2Ffruit-veg%2Fberries-cherries-currants"/>
		    <input type="hidden" name="page" value=""/>
		    <input type="hidden" name="contractId" value=""/>
		    <input type="hidden" name="calculateOrder" value="1"/>
		    <input type="hidden" name="calculationUsage" value="-1,-2,-3"/>
		    <input type="hidden" name="updateable" value="1"/>
		    <input type="hidden" name="merge" value="***"/>
		     
		   	<input type="hidden" name="callAjax" value="false"/>
		   	
		    
		        <input class="button process"  type="submit" name="Add" value="Add" />
			


		</form>
	<!-- END AddToTrolley.jsp -->
        <div class="numberInTrolley hidden numberInTrolley_124182" id="numberInTrolley_124182">
            
        </div>
    
                                        </div>
                                        
                        </div>
                        <!-- Start AddToSubscriptionList.jspf --><!-- Start AddToSubscriptionList.jsp --><!-- End AddToSubscriptionList.jsp --><!-- End AddToSubscriptionList.jspf -->
                    </div>
                                
                        <!-- </div> -->
                </div>     
            </div>

            
            <div class="strapline">
                <a href="https://www.sainsburys.co.uk/shop/PromotionDisplayView?catalogId=10158&langId=44&productId=124182&storeId=10151&promotionId=10311698"><img src="/wcsstore7.28.113/SainsburysStorefrontAssetStore/wcassets/icons/special/img-special-offer.png" alt="Special Offer" />
                </a>
            </div>
          <!--ThumbnailRestriction -->
                        
               <div id="additionalItems_124183" class="additionalItems">
                    <!-- BEGIN MerchandisingAssociationsDisplay.jsp --><!-- Start - JSP File Name:  MerchandisingAssociationsDisplay.jsp --><!-- BEGIN CatalogEntryThumbnailMerchandisingAssociation.jspf -->                    
                    <div id="sitecatalyst_SELL_TYPE_1095840" class="siteCatalystTag">X-SELL</div>
                    <div class="crossSell">
                        <div class="crossSellTitle">
                            <!-- BEGIN ContentDisplay.jsp -->
	                <img
	                    src='/wcsstore7.28.113/SainsburysStorefrontAssetStore/wcassets/merchandising_associations/have_you_tried_grid_202x32.gif'
	                    alt='wcassets/merchandising_associations/have_you_tried_grid_202x32.gif'
	                    border="0"
	                />
	                <!-- end: ContentDisplay.jsp -->
                        </div>
                        <div class="errorBanner hidden" id="error1241821095841"></div>
                        <div class="crossSellContent">
	                        <div class="pricingAndTrolleyFormWrapper"> 
		                         <div class="pricingReviews">
		                            <div class="pricing">
		                                
	<p class="pricePerUnit">
    Â£2.00<abbr title="per">/</abbr><abbr title="unit"><span class="pricePerUnitUnit">unit</span></abbr>
</p>
 
    <p class="pricePerMeasure">Â£1.34<abbr 
            title="per">/</abbr>100<abbr 
            title="gram"><span class="pricePerMeasureMeasure">g</span></abbr>
    </p>

		                            </div>
		                        </div>
		                        <div class="addToTrolleyForm ">
		                           
		                            <!-- BEGIN AddToTrolley.jsp --><!-- fire an on add to bag here from  -->
		
		<form class="addToTrolleyForm" name="OrderItemAddForm_1095841_124182" action="OrderItemAdd" method="post" id="OrderItemAddForm_124182_1095841" class="addToTrolleyForm">
		    <input type="hidden" name="storeId" value="10151"/>
		    <input type="hidden" name="langId" value="44"/>
		    <input type="hidden" name="catalogId" value="10123"/>
		    
		    
		    <input type="hidden" name="errorViewName" value="CategoryDisplayView"/>
		    <input type="hidden" name="SKU_ID" value="7842730"/>
		    <input type="hidden" name="itemType" value="X-SELL"/>
		    
		    
	           <input type="hidden" name="ItemSKU_ID" value="7842730"/>
	        
		        <label class="access" for="quantity_1095840">Quantity</label>
		        
					<input name="quantity"  id="quantity_1095840" type="text" size="3" value="1" class="quantity"   />
				
                    <input type="hidden" name="catEntryId" value="1095841"/>
                

		        <input type="hidden" name="productId" value="1095840"/>
		        
		
		    <input type="hidden" name="URL" value="https://www.sainsburys.co.uk/webapp/wcs/stores/servlet/CategoryDisplay?langId=44&amp;storeId=10151&amp;krypto=a4fbIjhxfybI80CD44glFW73Nj%2Bz4ok1m6NR%2BZsiJOs%2FNPEHvw1E0jqVVURQ4szeMYVgEQZ8OaNoDnrOnzsDCzPqFKSr3nrTlATL33VRbl%2FZY5lPgAKcXIltNK3NqTE2pgkNW8B29FSYgoVkcFSM5nfG%2BKnDEUKsK1cZarIsSQw%3D&amp;ddkey=https%3Agb%2Fgroceries%2Ffruit-veg%2Fberries-cherries-currants"/>
		    <input type="hidden" name="page" value=""/>
		    <input type="hidden" name="contractId" value=""/>
		    <input type="hidden" name="calculateOrder" value="1"/>
		    <input type="hidden" name="calculationUsage" value="-1,-2,-3"/>
		    <input type="hidden" name="updateable" value="1"/>
		    <input type="hidden" name="merge" value="***"/>
		     
		   	<input type="hidden" name="callAjax" value="false"/>
		   	
		    
		        <input class="button process"  type="submit" name="Add" value="Add" />
			


		</form>
	<!-- END AddToTrolley.jsp -->
        <div class="numberInTrolley hidden numberInTrolley_1095840" id="numberInTrolley_1095840">
            
        </div>
    
		                        </div>
		                    </div>                
	                        <div class="crossSellInfo">
	                            <h4 class="crossSellName">
                                    <span class="access">Try this product with </span>
	                                <a href="https://www.sainsburys.co.uk/shop/gb/groceries/trek-cocoa-coconut---chocolate-protein-flapjacks-3x50g">
	                                    Trek Cocoa Coconut Protein Flapjacks 3x50g
	                                    <img src="/wcsstore7.28.113/ExtendedSitesCatalogAssetStore/images/catalog/productImages/73/5060088704073/5060088704073_S.jpeg" alt="" />
	                                </a>
	                            </h4>
	                            
    <div class="promotion">
                   
		            <p><a href="https://www.sainsburys.co.uk/shop/PromotionDisplayView?catalogId=10097&langId=44&productId=1095840&storeId=10151&promotionId=10309235"><!-- BEGIN include/PromotionStrapline.jspf -->Only Â£2.00: Save 50p<br/>

<!-- FINISH include/PromotionStrapline.jspf -->
		            </a></p>
		                        
    </div>

	                        </div>
	                    </div>
	                    <!--ThumbnailRestriction -->
                    </div>                
            
                <!-- END CatalogEntryThumbnailMerchandisingAssociation.jspf --><!-- END MerchandisingAssociationsDisplay.jsp --> 
                </div>
        <!-- END CatalogEntryThumbnailDisplay.jsp -->
	                            </li>
                                <!-- BEGIN MerchandisingAssociationsDisplay.jsp --><!-- Start - JSP File Name:  MerchandisingAssociationsDisplay.jsp -->
    <div class="coverage ranged"></div>
<!-- END MerchandisingAssociationsDisplay.jsp -->
                                
	                            <li class="gridItem">
		                                   <!-- BEGIN CatalogEntryThumbnailDisplay.jsp -->
                    <div id="hasCrossSell_124079"class="product hasCrossSell "
                    >
                    
                        <div class="productInfo">
                            <div class="productNameAndPromotions">
                                
                                        <h3>
                                            <a href="https://www.sainsburys.co.uk/shop/gb/groceries/berries-cherries-currants/sainsburys-blueberries-200g" >
                                                Sainsbury's Blueberries 200g
                                                <img src="//www.sainsburys.co.uk/wcsstore7.28.113/SainsburysStorefrontAssetStore/wcassets/product_images/media_7555404_L.jpg" alt="" />
                                            </a>
                                        </h3>
                                       
                            </div>
                             
                        </div>
                        
                        
                        
                    
                    <div class="errorBanner hidden" id="error124079"></div>                                 
                    
                    <div class="addToTrolleytabBox">
                        <!-- Start UserSubscribedOrNot.jspf --><!-- Start UserSubscribedOrNot.jsp --><!-- 
			If the user is not logged in, render this opening 
			DIV adding an addtional class to fix the border top which is removed 
			and replaced by the tabs
		-->
		<div class="addToTrolleytabContainer addItemBorderTop">
	<!-- End AddToSubscriptionList.jsp --><!-- End AddSubscriptionList.jspf --><!-- 
                        ATTENTION!!!
                        <div class="addToTrolleytabContainer">
                        This opening div is inside "../../ReusableObjects/UserSubscribedOrNot.jsp"
                        -->
                        
                        <!--  <div class="pricingAndTrolleyFormWrapper"> -->
                    <div class="pricingAndTrolleyOptions">   
                        <div class="priceTab activeContainer priceTabContainer" id="addItem_124079"> 
                            <div class="pricing">
                                
	<p class="pricePerUnit">
    Â£1.75<abbr title="per">/</abbr><abbr title="unit"><span class="pricePerUnitUnit">unit</span></abbr>
</p>
 
    <p class="pricePerMeasure">Â£8.75<abbr 
            title="per">/</abbr><abbr 
            title="kilogram"><span class="pricePerMeasureMeasure">kg</span></abbr>
    </p>

                            </div>                        
                            
                                        <div class="addToTrolleyForm ">                                       
                                            
                                            <!-- BEGIN AddToTrolley.jsp --><!-- fire an on add to bag here from  -->
		
		<form class="addToTrolleyForm" name="OrderItemAddForm_124079" action="OrderItemAdd" method="post" id="OrderItemAddForm_124079" class="addToTrolleyForm">
		    <input type="hidden" name="storeId" value="10151"/>
		    <input type="hidden" name="langId" value="44"/>
		    <input type="hidden" name="catalogId" value="10123"/>
		    
		    
		    <input type="hidden" name="errorViewName" value="CategoryDisplayView"/>
		    <input type="hidden" name="SKU_ID" value="7555404"/>
		    <input type="hidden" name="itemType" value=""/>
		    
		    
	           <input type="hidden" name="ItemSKU_ID" value="7555404"/>
	        
		        <label class="access" for="quantity_124078">Quantity</label>
		        
					<input name="quantity"  id="quantity_124078" type="text" size="3" value="1" class="quantity"   />
				
                    <input type="hidden" name="catEntryId" value="124079"/>
                

		        <input type="hidden" name="productId" value="124078"/>
		        
		
		    <input type="hidden" name="URL" value="https://www.sainsburys.co.uk/webapp/wcs/stores/servlet/CategoryDisplay?langId=44&amp;storeId=10151&amp;krypto=a4fbIjhxfybI80CD44glFW73Nj%2Bz4ok1m6NR%2BZsiJOs%2FNPEHvw1E0jqVVURQ4szeMYVgEQZ8OaNoDnrOnzsDCzPqFKSr3nrTlATL33VRbl%2FZY5lPgAKcXIltNK3NqTE2pgkNW8B29FSYgoVkcFSM5nfG%2BKnDEUKsK1cZarIsSQw%3D&amp;ddkey=https%3Agb%2Fgroceries%2Ffruit-veg%2Fberries-cherries-currants"/>
		    <input type="hidden" name="page" value=""/>
		    <input type="hidden" name="contractId" value=""/>
		    <input type="hidden" name="calculateOrder" value="1"/>
		    <input type="hidden" name="calculationUsage" value="-1,-2,-3"/>
		    <input type="hidden" name="updateable" value="1"/>
		    <input type="hidden" name="merge" value="***"/>
		     
		   	<input type="hidden" name="callAjax" value="false"/>
		   	
		    
		        <input class="button process"  type="submit" name="Add" value="Add" />
			


		</form>
	<!-- END AddToTrolley.jsp -->
        <div class="numberInTrolley hidden numberInTrolley_124078" id="numberInTrolley_124078">
            
        </div>
    
                                        </div>
                                        
                        </div>
                        <!-- Start AddToSubscriptionList.jspf --><!-- Start AddToSubscriptionList.jsp --><!-- End AddToSubscriptionList.jsp --><!-- End AddToSubscriptionList.jspf -->
                    </div>
                                
                        <!-- </div> -->
                </div>     
            </div>

            <!--ThumbnailRestriction -->
                        
               <div id="additionalItems_124079" class="additionalItems">
                    <!-- BEGIN MerchandisingAssociationsDisplay.jsp --><!-- Start - JSP File Name:  MerchandisingAssociationsDisplay.jsp --><!-- BEGIN CatalogEntryThumbnailMerchandisingAssociation.jspf -->                    
                    <div id="sitecatalyst_SELL_TYPE_1095840" class="siteCatalystTag">X-SELL</div>
                    <div class="crossSell">
                        <div class="crossSellTitle">
                            <!-- BEGIN ContentDisplay.jsp -->
	                <img
	                    src='/wcsstore7.28.113/SainsburysStorefrontAssetStore/wcassets/merchandising_associations/have_you_tried_grid_202x32.gif'
	                    alt='wcassets/merchandising_associations/have_you_tried_grid_202x32.gif'
	                    border="0"
	                />
	                <!-- end: ContentDisplay.jsp -->
                        </div>
                        <div class="errorBanner hidden" id="error1241821095841"></div>
                        <div class="crossSellContent">
	                        <div class="pricingAndTrolleyFormWrapper"> 
		                         <div class="pricingReviews">
		                            <div class="pricing">
		                                
	<p class="pricePerUnit">
    Â£2.00<abbr title="per">/</abbr><abbr title="unit"><span class="pricePerUnitUnit">unit</span></abbr>
</p>
 
    <p class="pricePerMeasure">Â£1.34<abbr 
            title="per">/</abbr>100<abbr 
            title="gram"><span class="pricePerMeasureMeasure">g</span></abbr>
    </p>

		                            </div>
		                        </div>
		                        <div class="addToTrolleyForm ">
		                           
		                            <!-- BEGIN AddToTrolley.jsp --><!-- fire an on add to bag here from  -->
		
		<form class="addToTrolleyForm" name="OrderItemAddForm_1095841_124182" action="OrderItemAdd" method="post" id="OrderItemAddForm_124182_1095841" class="addToTrolleyForm">
		    <input type="hidden" name="storeId" value="10151"/>
		    <input type="hidden" name="langId" value="44"/>
		    <input type="hidden" name="catalogId" value="10123"/>
		    
		    
		    <input type="hidden" name="errorViewName" value="CategoryDisplayView"/>
		    <input type="hidden" name="SKU_ID" value="7842730"/>
		    <input type="hidden" name="itemType" value="X-SELL"/>
		    
		    
	           <input type="hidden" name="ItemSKU_ID" value="7842730"/>
	        
		        <label class="access" for="quantity_1095840">Quantity</label>
		        
					<input name="quantity"  id="quantity_1095840" type="text" size="3" value="1" class="quantity"   />
				
                    <input type="hidden" name="catEntryId" value="1095841"/>
                

		        <input type="hidden" name="productId" value="1095840"/>
		        
		
		    <input type="hidden" name="URL" value="https://www.sainsburys.co.uk/webapp/wcs/stores/servlet/CategoryDisplay?langId=44&amp;storeId=10151&amp;krypto=a4fbIjhxfybI80CD44glFW73Nj%2Bz4ok1m6NR%2BZsiJOs%2FNPEHvw1E0jqVVURQ4szeMYVgEQZ8OaNoDnrOnzsDCzPqFKSr3nrTlATL33VRbl%2FZY5lPgAKcXIltNK3NqTE2pgkNW8B29FSYgoVkcFSM5nfG%2BKnDEUKsK1cZarIsSQw%3D&amp;ddkey=https%3Agb%2Fgroceries%2Ffruit-veg%2Fberries-cherries-currants"/>
		    <input type="hidden" name="page" value=""/>
		    <input type="hidden" name="contractId" value=""/>
		    <input type="hidden" name="calculateOrder" value="1"/>
		    <input type="hidden" name="calculationUsage" value="-1,-2,-3"/>
		    <input type="hidden" name="updateable" value="1"/>
		    <input type="hidden" name="merge" value="***"/>
		     
		   	<input type="hidden" name="callAjax" value="false"/>
		   	
		    
		        <input class="button process"  type="submit" name="Add" value="Add" />
			


		</form>
	<!-- END AddToTrolley.jsp -->
        <div class="numberInTrolley hidden numberInTrolley_1095840" id="numberInTrolley_1095840">
            
        </div>
    
		                        </div>
		                    </div>                
	                        <div class="crossSellInfo">
	                            <h4 class="crossSellName">
                                    <span class="access">Try this product with </span>
	                                <a href="https://www.sainsburys.co.uk/shop/gb/groceries/trek-cocoa-coconut---chocolate-protein-flapjacks-3x50g">
	                                    Trek Cocoa Coconut Protein Flapjacks 3x50g
	                                    <img src="/wcsstore7.28.113/ExtendedSitesCatalogAssetStore/images/catalog/productImages/73/5060088704073/5060088704073_S.jpeg" alt="" />
	                                </a>
	                            </h4>
	                            
    <div class="promotion">
                   
		            <p><a href="https://www.sainsburys.co.uk/shop/PromotionDisplayView?catalogId=10097&langId=44&productId=1095840&storeId=10151&promotionId=10309235"><!-- BEGIN include/PromotionStrapline.jspf -->Only Â£2.00: Save 50p<br/>

<!-- FINISH include/PromotionStrapline.jspf -->
		            </a></p>
		                        
    </div>

	                        </div>
	                    </div>
	                    <!--ThumbnailRestriction -->
                    </div>                
            
                <!-- END CatalogEntryThumbnailMerchandisingAssociation.jspf --><!-- END MerchandisingAssociationsDisplay.jsp --> 
                </div>
        <!-- END CatalogEntryThumbnailDisplay.jsp -->
	                            </li>
                                <!-- BEGIN MerchandisingAssociationsDisplay.jsp --><!-- Start - JSP File Name:  MerchandisingAssociationsDisplay.jsp -->
    <div class="coverage ranged"></div>
<!-- END MerchandisingAssociationsDisplay.jsp -->
                                
	                            <li class="gridItem">
		                                   <!-- BEGIN CatalogEntryThumbnailDisplay.jsp -->
                    <div id="hasCrossSell_120939"class="product hasCrossSell "
                    >
                    
                        <div class="productInfo">
                            <div class="productNameAndPromotions">
                                
                                        <h3>
                                            <a href="https://www.sainsburys.co.uk/shop/gb/groceries/berries-cherries-currants/sainsburys-british-raspberries--150g" >
                                                Sainsbury's Raspberries 150g
                                                <img src="//www.sainsburys.co.uk/wcsstore7.28.113/SainsburysStorefrontAssetStore/wcassets/product_images/media_7436859_L.jpg" alt="" />
                                            </a>
                                        </h3>
                                       
                            </div>
                             
                        </div>
                        
                        
                        
                    
                    <div class="errorBanner hidden" id="error120939"></div>                                 
                    
                    <div class="addToTrolleytabBox">
                        <!-- Start UserSubscribedOrNot.jspf --><!-- Start UserSubscribedOrNot.jsp --><!-- 
			If the user is not logged in, render this opening 
			DIV adding an addtional class to fix the border top which is removed 
			and replaced by the tabs
		-->
		<div class="addToTrolleytabContainer addItemBorderTop">
	<!-- End AddToSubscriptionList.jsp --><!-- End AddSubscriptionList.jspf --><!-- 
                        ATTENTION!!!
                        <div class="addToTrolleytabContainer">
                        This opening div is inside "../../ReusableObjects/UserSubscribedOrNot.jsp"
                        -->
                        
                        <!--  <div class="pricingAndTrolleyFormWrapper"> -->
                    <div class="pricingAndTrolleyOptions">   
                        <div class="priceTab activeContainer priceTabContainer" id="addItem_120939"> 
                            <div class="pricing">
                                
	<p class="pricePerUnit">
    Â£1.40<abbr title="per">/</abbr><abbr title="unit"><span class="pricePerUnitUnit">unit</span></abbr>
</p>
 
    <p class="pricePerMeasure">Â£9.33<abbr 
            title="per">/</abbr><abbr 
            title="kilogram"><span class="pricePerMeasureMeasure">kg</span></abbr>
    </p>

                            </div>                        
                            
                                        <div class="addToTrolleyForm ">                                       
                                            
                                            <!-- BEGIN AddToTrolley.jsp --><!-- fire an on add to bag here from  -->
		
		<form class="addToTrolleyForm" name="OrderItemAddForm_120939" action="OrderItemAdd" method="post" id="OrderItemAddForm_120939" class="addToTrolleyForm">
		    <input type="hidden" name="storeId" value="10151"/>
		    <input type="hidden" name="langId" value="44"/>
		    <input type="hidden" name="catalogId" value="10123"/>
		    
		    
		    <input type="hidden" name="errorViewName" value="CategoryDisplayView"/>
		    <input type="hidden" name="SKU_ID" value="7436859"/>
		    <input type="hidden" name="itemType" value=""/>
		    
		    
	           <input type="hidden" name="ItemSKU_ID" value="7436859"/>
	        
		        <label class="access" for="quantity_120938">Quantity</label>
		        
					<input name="quantity"  id="quantity_120938" type="text" size="3" value="1" class="quantity"   />
				
                    <input type="hidden" name="catEntryId" value="120939"/>
                

		        <input type="hidden" name="productId" value="120938"/>
		        
		
		    <input type="hidden" name="URL" value="https://www.sainsburys.co.uk/webapp/wcs/stores/servlet/CategoryDisplay?langId=44&amp;storeId=10151&amp;krypto=a4fbIjhxfybI80CD44glFW73Nj%2Bz4ok1m6NR%2BZsiJOs%2FNPEHvw1E0jqVVURQ4szeMYVgEQZ8OaNoDnrOnzsDCzPqFKSr3nrTlATL33VRbl%2FZY5lPgAKcXIltNK3NqTE2pgkNW8B29FSYgoVkcFSM5nfG%2BKnDEUKsK1cZarIsSQw%3D&amp;ddkey=https%3Agb%2Fgroceries%2Ffruit-veg%2Fberries-cherries-currants"/>
		    <input type="hidden" name="page" value=""/>
		    <input type="hidden" name="contractId" value=""/>
		    <input type="hidden" name="calculateOrder" value="1"/>
		    <input type="hidden" name="calculationUsage" value="-1,-2,-3"/>
		    <input type="hidden" name="updateable" value="1"/>
		    <input type="hidden" name="merge" value="***"/>
		     
		   	<input type="hidden" name="callAjax" value="false"/>
		   	
		    
		        <input class="button process"  type="submit" name="Add" value="Add" />
			


		</form>
	<!-- END AddToTrolley.jsp -->
        <div class="numberInTrolley hidden numberInTrolley_120938" id="numberInTrolley_120938">
            
        </div>
    
                                        </div>
                                        
                        </div>
                        <!-- Start AddToSubscriptionList.jspf --><!-- Start AddToSubscriptionList.jsp --><!-- End AddToSubscriptionList.jsp --><!-- End AddToSubscriptionList.jspf -->
                    </div>
                                
                        <!-- </div> -->
                </div>     
            </div>

            <!--ThumbnailRestriction -->
                        
               <div id="additionalItems_120939" class="additionalItems">
                    <!-- BEGIN MerchandisingAssociationsDisplay.jsp --><!-- Start - JSP File Name:  MerchandisingAssociationsDisplay.jsp --><!-- BEGIN CatalogEntryThumbnailMerchandisingAssociation.jspf -->                    
                    <div id="sitecatalyst_SELL_TYPE_1200634" class="siteCatalystTag">X-SELL</div>
                    <div class="crossSell">
                        <div class="crossSellTitle">
                            <!-- BEGIN ContentDisplay.jsp -->
	                <img
	                    src='/wcsstore7.28.113/SainsburysStorefrontAssetStore/wcassets/merchandising_associations/great_with_grid_202x32.gif'
	                    alt='wcassets/merchandising_associations/great_with_grid_202x32.gif'
	                    border="0"
	                />
	                <!-- end: ContentDisplay.jsp -->
                        </div>
                        <div class="errorBanner hidden" id="error1240861200635"></div>
                        <div class="crossSellContent">
	                        <div class="pricingAndTrolleyFormWrapper"> 
		                         <div class="pricingReviews">
		                            <div class="pricing">
		                                
	<p class="pricePerUnit">
    Â£3.30<abbr title="per">/</abbr><abbr title="unit"><span class="pricePerUnitUnit">unit</span></abbr>
</p>
 
    <p class="pricePerMeasure">Â£0.37<abbr 
            title="per">/</abbr>100<abbr 
            title="gram"><span class="pricePerMeasureMeasure">g</span></abbr>
    </p>

		                            </div>
		                        </div>
		                        <div class="addToTrolleyForm ">
		                           
		                            <!-- BEGIN AddToTrolley.jsp --><!-- fire an on add to bag here from  -->
		
		<form class="addToTrolleyForm" name="OrderItemAddForm_1200635_124086" action="OrderItemAdd" method="post" id="OrderItemAddForm_124086_1200635" class="addToTrolleyForm">
		    <input type="hidden" name="storeId" value="10151"/>
		    <input type="hidden" name="langId" value="44"/>
		    <input type="hidden" name="catalogId" value="10123"/>
		    
		    
		    <input type="hidden" name="errorViewName" value="CategoryDisplayView"/>
		    <input type="hidden" name="SKU_ID" value="7907073"/>
		    <input type="hidden" name="itemType" value="X-SELL"/>
		    
		    
	           <input type="hidden" name="ItemSKU_ID" value="7907073"/>
	        
		        <label class="access" for="quantity_1200634">Quantity</label>
		        
					<input name="quantity"  id="quantity_1200634" type="text" size="3" value="1" class="quantity"   />
				
                    <input type="hidden" name="catEntryId" value="1200635"/>
                

		        <input type="hidden" name="productId" value="1200634"/>
		        
		
		    <input type="hidden" name="URL" value="https://www.sainsburys.co.uk/webapp/wcs/stores/servlet/CategoryDisplay?langId=44&amp;storeId=10151&amp;krypto=a4fbIjhxfybI80CD44glFW73Nj%2Bz4ok1m6NR%2BZsiJOs%2FNPEHvw1E0jqVVURQ4szeMYVgEQZ8OaNoDnrOnzsDCzPqFKSr3nrTlATL33VRbl%2FZY5lPgAKcXIltNK3NqTE2pgkNW8B29FSYgoVkcFSM5nfG%2BKnDEUKsK1cZarIsSQw%3D&amp;ddkey=https%3Agb%2Fgroceries%2Ffruit-veg%2Fberries-cherries-currants"/>
		    <input type="hidden" name="page" value=""/>
		    <input type="hidden" name="contractId" value=""/>
		    <input type="hidden" name="calculateOrder" value="1"/>
		    <input type="hidden" name="calculationUsage" value="-1,-2,-3"/>
		    <input type="hidden" name="updateable" value="1"/>
		    <input type="hidden" name="merge" value="***"/>
		     
		   	<input type="hidden" name="callAjax" value="false"/>
		   	
		    
		        <input class="button process"  type="submit" name="Add" value="Add" />
			


		</form>
	<!-- END AddToTrolley.jsp -->
        <div class="numberInTrolley hidden numberInTrolley_1200634" id="numberInTrolley_1200634">
            
        </div>
    
		                        </div>
		                    </div>                
	                        <div class="crossSellInfo">
	                            <h4 class="crossSellName">
                                    <span class="access">Try this product with </span>
	                                <a href="https://www.sainsburys.co.uk/shop/ProductDisplay?storeId=10151&productId=1200634&urlRequestType=Base&langId=44&catalogId=10100">
	                                    The Collective Straight Up Unsweetened Plain Live Yogurt 900g
	                                    <img src="/wcsstore7.28.113/ExtendedSitesCatalogAssetStore/images/catalog/productImages/37/5014067345337/5014067345337_S.jpeg" alt="" />
	                                </a>
	                            </h4>
	                            
	                        </div>
	                    </div>
	                    <!--ThumbnailRestriction -->
                    </div>                
            
                <!-- END CatalogEntryThumbnailMerchandisingAssociation.jspf --><!-- END MerchandisingAssociationsDisplay.jsp --> 
                </div>
        <!-- END CatalogEntryThumbnailDisplay.jsp -->
	                            </li>
                                <!-- BEGIN MerchandisingAssociationsDisplay.jsp --><!-- Start - JSP File Name:  MerchandisingAssociationsDisplay.jsp --><!-- END MerchandisingAssociationsDisplay.jsp -->
                                
	                            <li class="gridItem">
		                                   <!-- BEGIN CatalogEntryThumbnailDisplay.jsp -->
            <div class="product "
                >
                
                     
                <div class="productInfo">
                    <div class="productNameAndPromotions">
                        
                                  <h3>
                                    <a href="https://www.sainsburys.co.uk/shop/gb/groceries/berries-cherries-currants/sainsburys-raspberries-225g" >
                                        Sainsbury's Raspberries 225g
                                        <img src="//www.sainsburys.co.uk/wcsstore7.28.113/SainsburysStorefrontAssetStore/wcassets/product_images/media_7555636_L.jpg" alt="" />
                                    </a>
                                </h3>
                              
                    </div> 
                </div>
                
                <div class="errorBanner hidden" id="error124147"></div>
                <div class="addToTrolleytabBox">   
                    <!--addToTrolleytabBox GRID VIEW --><!-- Start UserSubscribedOrNot.jspf --><!-- Start UserSubscribedOrNot.jsp --><!-- 
			If the user is not logged in, render this opening 
			DIV adding an addtional class to fix the border top which is removed 
			and replaced by the tabs
		-->
		<div class="addToTrolleytabContainer addItemBorderTop">
	<!-- End AddToSubscriptionList.jsp --><!-- End AddSubscriptionList.jspf --><!-- 
                    ATTENTION!!!
                    <div class="addToTrolleytabContainer">
                    This opening div is inside "../../ReusableObjects/UserSubscribedOrNot.jsp"
                    -->
                    <div class="pricingAndTrolleyOptions">
                        
                                    <div class="priceTab priceTabContainer activeContainer addItem" id="addItem_124147">
                                       <div class="pricing">
                                           
	<p class="pricePerUnit">
    Â£2.00<abbr title="per">/</abbr><abbr title="unit"><span class="pricePerUnitUnit">unit</span></abbr>
</p>
 
    <p class="pricePerMeasure">Â£8.89<abbr 
            title="per">/</abbr><abbr 
            title="kilogram"><span class="pricePerMeasureMeasure">kg</span></abbr>
    </p>

                                       </div>                                      

                                     
                                        <div class="addToTrolleyForm "> 
                                           <!-- BEGIN AddToTrolley.jsp --><!-- fire an on add to bag here from  -->
		
		<form class="addToTrolleyForm" name="OrderItemAddForm_124147" action="OrderItemAdd" method="post" id="OrderItemAddForm_124147" class="addToTrolleyForm">
		    <input type="hidden" name="storeId" value="10151"/>
		    <input type="hidden" name="langId" value="44"/>
		    <input type="hidden" name="catalogId" value="10123"/>
		    
		    
		    <input type="hidden" name="errorViewName" value="CategoryDisplayView"/>
		    <input type="hidden" name="SKU_ID" value="7555636"/>
		    <input type="hidden" name="itemType" value=""/>
		    
		    
	           <input type="hidden" name="ItemSKU_ID" value="7555636"/>
	        
		        <label class="access" for="quantity_124146">Quantity</label>
		        
					<input name="quantity"  id="quantity_124146" type="text" size="3" value="1" class="quantity"   />
				
                    <input type="hidden" name="catEntryId" value="124147"/>
                

		        <input type="hidden" name="productId" value="124146"/>
		        
		
		    <input type="hidden" name="URL" value="https://www.sainsburys.co.uk/webapp/wcs/stores/servlet/CategoryDisplay?langId=44&amp;storeId=10151&amp;krypto=a4fbIjhxfybI80CD44glFW73Nj%2Bz4ok1m6NR%2BZsiJOs%2FNPEHvw1E0jqVVURQ4szeMYVgEQZ8OaNoDnrOnzsDCzPqFKSr3nrTlATL33VRbl%2FZY5lPgAKcXIltNK3NqTE2pgkNW8B29FSYgoVkcFSM5nfG%2BKnDEUKsK1cZarIsSQw%3D&amp;ddkey=https%3Agb%2Fgroceries%2Ffruit-veg%2Fberries-cherries-currants"/>
		    <input type="hidden" name="page" value=""/>
		    <input type="hidden" name="contractId" value=""/>
		    <input type="hidden" name="calculateOrder" value="1"/>
		    <input type="hidden" name="calculationUsage" value="-1,-2,-3"/>
		    <input type="hidden" name="updateable" value="1"/>
		    <input type="hidden" name="merge" value="***"/>
		     
		   	<input type="hidden" name="callAjax" value="false"/>
		   	
		    
		        <input class="button process"  type="submit" name="Add" value="Add" />
			


		</form>
	<!-- END AddToTrolley.jsp -->
        <div class="numberInTrolley hidden numberInTrolley_124146" id="numberInTrolley_124146">
            
        </div>
    
                                        </div>

                                        <!-- BEGIN CatalogEntryRatingsReviewsInfo.jspf --><!-- productAllowedRatingsAndReviews: true -->
    <div class="reviews">
        
            <a class="numberOfReviews" href="https://www.sainsburys.co.uk/shop/gb/groceries/berries-cherries-currants/sainsburys-raspberries-225g" >
                <img src="//www.sainsburys.co.uk/wcsstore7.28.113/SainsburysStorefrontAssetStore/img/stars/rating-2_3.gif" alt="2.25" border="0"/>&nbsp; 
                Reviews (4)
            </a>
        
    </div>
<!-- END CatalogEntryRatingsReviewsInfo.jspf -->
                                   </div>
                               <!-- Start AddToSubscriptionList.jspf --><!-- Start AddToSubscriptionList.jsp --><!-- End AddToSubscriptionList.jsp --><!-- End AddToSubscriptionList.jspf -->     
                    </div>
                            
                    
    
    <div class="badges">
        <ul>
            
                    
                    
                    
                     <li  class="lastchild" >

                        
                            <a href="/shop/gb/groceries/get-ideas/delivery-and-guides/freshness" >
                                         
                        <img src="/wcsstore7.28.113/SainsburysStorefrontAssetStore/wcassets/icons/typical_life/typical_life_2days.jpg" alt="Typical life 2 days" />
                            
                        
                            </a>    
                        
                    </li>
                
        </ul>   
    </div>

                </div>     
            </div>
            <!--ThumbnailRestriction --><!-- END CatalogEntryThumbnailDisplay.jsp -->
	                            </li>
                                <!-- BEGIN MerchandisingAssociationsDisplay.jsp --><!-- Start - JSP File Name:  MerchandisingAssociationsDisplay.jsp --><!-- END MerchandisingAssociationsDisplay.jsp -->
                                
	                            <li class="gridItem">
		                                   <!-- BEGIN CatalogEntryThumbnailDisplay.jsp -->
            <div class="product "
                >
                
                     
                <div class="productInfo">
                    <div class="productNameAndPromotions">
                        
                                  <h3>
                                    <a href="https://www.sainsburys.co.uk/shop/gb/groceries/berries-cherries-currants/sainsburys-blackberries--sweet-150g" >
                                        Sainsbury's Blackberries, Sweet 150g
                                        <img src="//www.sainsburys.co.uk/wcsstore7.28.113/ExtendedSitesCatalogAssetStore/images/catalog/productImages/32/0000001848632/0000001848632_L.jpeg" alt="" />
                                    </a>
                                </h3>
                              
                    </div> 
                </div>
                
                <div class="errorBanner hidden" id="error126067"></div>
                <div class="addToTrolleytabBox">   
                    <!--addToTrolleytabBox GRID VIEW --><!-- Start UserSubscribedOrNot.jspf --><!-- Start UserSubscribedOrNot.jsp --><!-- 
			If the user is not logged in, render this opening 
			DIV adding an addtional class to fix the border top which is removed 
			and replaced by the tabs
		-->
		<div class="addToTrolleytabContainer addItemBorderTop">
	<!-- End AddToSubscriptionList.jsp --><!-- End AddSubscriptionList.jspf --><!-- 
                    ATTENTION!!!
                    <div class="addToTrolleytabContainer">
                    This opening div is inside "../../ReusableObjects/UserSubscribedOrNot.jsp"
                    -->
                    <div class="pricingAndTrolleyOptions">
                        
                                    <div class="priceTab priceTabContainer activeContainer addItem" id="addItem_126067">
                                       <div class="pricing">
                                           
	<p class="pricePerUnit">
    Â£2.00<abbr title="per">/</abbr><abbr title="unit"><span class="pricePerUnitUnit">unit</span></abbr>
</p>
 
    <p class="pricePerMeasure">Â£13.33<abbr 
            title="per">/</abbr><abbr 
            title="kilogram"><span class="pricePerMeasureMeasure">kg</span></abbr>
    </p>

                                       </div>                                      

                                     
                                        <div class="addToTrolleyForm "> 
                                           <!-- BEGIN AddToTrolley.jsp --><!-- fire an on add to bag here from  -->
		
		<form class="addToTrolleyForm" name="OrderItemAddForm_126067" action="OrderItemAdd" method="post" id="OrderItemAddForm_126067" class="addToTrolleyForm">
		    <input type="hidden" name="storeId" value="10151"/>
		    <input type="hidden" name="langId" value="44"/>
		    <input type="hidden" name="catalogId" value="10123"/>
		    
		    
		    <input type="hidden" name="errorViewName" value="CategoryDisplayView"/>
		    <input type="hidden" name="SKU_ID" value="7572753"/>
		    <input type="hidden" name="itemType" value=""/>
		    
		    
	           <input type="hidden" name="ItemSKU_ID" value="7572753"/>
	        
		        <label class="access" for="quantity_126066">Quantity</label>
		        
					<input name="quantity"  id="quantity_126066" type="text" size="3" value="1" class="quantity"   />
				
                    <input type="hidden" name="catEntryId" value="126067"/>
                

		        <input type="hidden" name="productId" value="126066"/>
		        
		
		    <input type="hidden" name="URL" value="https://www.sainsburys.co.uk/webapp/wcs/stores/servlet/CategoryDisplay?langId=44&amp;storeId=10151&amp;krypto=a4fbIjhxfybI80CD44glFW73Nj%2Bz4ok1m6NR%2BZsiJOs%2FNPEHvw1E0jqVVURQ4szeMYVgEQZ8OaNoDnrOnzsDCzPqFKSr3nrTlATL33VRbl%2FZY5lPgAKcXIltNK3NqTE2pgkNW8B29FSYgoVkcFSM5nfG%2BKnDEUKsK1cZarIsSQw%3D&amp;ddkey=https%3Agb%2Fgroceries%2Ffruit-veg%2Fberries-cherries-currants"/>
		    <input type="hidden" name="page" value=""/>
		    <input type="hidden" name="contractId" value=""/>
		    <input type="hidden" name="calculateOrder" value="1"/>
		    <input type="hidden" name="calculationUsage" value="-1,-2,-3"/>
		    <input type="hidden" name="updateable" value="1"/>
		    <input type="hidden" name="merge" value="***"/>
		     
		   	<input type="hidden" name="callAjax" value="false"/>
		   	
		    
		        <input class="button process"  type="submit" name="Add" value="Add" />
			


		</form>
	<!-- END AddToTrolley.jsp -->
        <div class="numberInTrolley hidden numberInTrolley_126066" id="numberInTrolley_126066">
            
        </div>
    
                                        </div>

                                        <!-- BEGIN CatalogEntryRatingsReviewsInfo.jspf --><!-- productAllowedRatingsAndReviews: true -->
    <div class="reviews">
        
	        <a class="numberOfReviews repressive" href="http://reviews.sainsburys.co.uk//8076-en_gb/7572753-P/writereview.htm?submissionurl=https%3A%2F%2Fwww.sainsburys.co.uk%2Fwebapp%2Fwcs%2Fstores%2Fservlet%2FBVReviewSubmitDisplay%3FcatalogId%3D10158%26storeId%3D10151%26recipe%3D%26langId%3D44%26productId%3D7572753-P&return=https%3A%2F%2Fwww.sainsburys.co.uk%2Fwebapp%2Fwcs%2Fstores%2Fservlet%2Fhttp%3A%2F%2Fwww.sainsburys.co.uk%2Fshop%2FCategoryDisplay%3FpageSize%3D36%26catalogId%3D10158%26level%3D2%26top_category%3D12518%26parent_category_rn%3D12518%26langId%3D44%26categoryId%3D12563%26beginIndex%3D0%26storeId%3D10151" >
	    Write a review
          	</a>
        
    </div>
<!-- END CatalogEntryRatingsReviewsInfo.jspf -->
                                   </div>
                               <!-- Start AddToSubscriptionList.jspf --><!-- Start AddToSubscriptionList.jsp --><!-- End AddToSubscriptionList.jsp --><!-- End AddToSubscriptionList.jspf -->     
                    </div>
                            
                    
                </div>     
            </div>
            <!--ThumbnailRestriction --><!-- END CatalogEntryThumbnailDisplay.jsp -->
	                            </li>
                                <!-- BEGIN MerchandisingAssociationsDisplay.jsp --><!-- Start - JSP File Name:  MerchandisingAssociationsDisplay.jsp --><!-- END MerchandisingAssociationsDisplay.jsp -->
                                
	                            <li class="gridItem">
		                                   <!-- BEGIN CatalogEntryThumbnailDisplay.jsp -->
            <div class="product "
                >
                
                     
                <div class="productInfo">
                    <div class="productNameAndPromotions">
                        
                                  <h3>
                                    <a href="https://www.sainsburys.co.uk/shop/gb/groceries/berries-cherries-currants/sainsburys-blueberries-400g" >
                                        Sainsbury's Blueberries 400g
                                        <img src="//www.sainsburys.co.uk/wcsstore7.28.113/ExtendedSitesCatalogAssetStore/images/catalog/productImages/74/0000001835274/0000001835274_L.jpeg" alt="" />
                                    </a>
                                </h3>
                              
                    </div> 
                </div>
                
                <div class="errorBanner hidden" id="error124101"></div>
                <div class="addToTrolleytabBox">   
                    <!--addToTrolleytabBox GRID VIEW --><!-- Start UserSubscribedOrNot.jspf --><!-- Start UserSubscribedOrNot.jsp --><!-- 
			If the user is not logged in, render this opening 
			DIV adding an addtional class to fix the border top which is removed 
			and replaced by the tabs
		-->
		<div class="addToTrolleytabContainer addItemBorderTop">
	<!-- End AddToSubscriptionList.jsp --><!-- End AddSubscriptionList.jspf --><!-- 
                    ATTENTION!!!
                    <div class="addToTrolleytabContainer">
                    This opening div is inside "../../ReusableObjects/UserSubscribedOrNot.jsp"
                    -->
                    <div class="pricingAndTrolleyOptions">
                        
                                    <div class="priceTab priceTabContainer activeContainer addItem" id="addItem_124101">
                                       <div class="pricing">
                                           
	<p class="pricePerUnit">
    Â£3.20<abbr title="per">/</abbr><abbr title="unit"><span class="pricePerUnitUnit">unit</span></abbr>
</p>
 
    <p class="pricePerMeasure">Â£8.00<abbr 
            title="per">/</abbr><abbr 
            title="kilogram"><span class="pricePerMeasureMeasure">kg</span></abbr>
    </p>

                                       </div>                                      

                                     
                                        <div class="addToTrolleyForm "> 
                                           <!-- BEGIN AddToTrolley.jsp --><!-- fire an on add to bag here from  -->
		
		<form class="addToTrolleyForm" name="OrderItemAddForm_124101" action="OrderItemAdd" method="post" id="OrderItemAddForm_124101" class="addToTrolleyForm">
		    <input type="hidden" name="storeId" value="10151"/>
		    <input type="hidden" name="langId" value="44"/>
		    <input type="hidden" name="catalogId" value="10123"/>
		    
		    
		    <input type="hidden" name="errorViewName" value="CategoryDisplayView"/>
		    <input type="hidden" name="SKU_ID" value="7555490"/>
		    <input type="hidden" name="itemType" value=""/>
		    
		    
	           <input type="hidden" name="ItemSKU_ID" value="7555490"/>
	        
		        <label class="access" for="quantity_124100">Quantity</label>
		        
					<input name="quantity"  id="quantity_124100" type="text" size="3" value="1" class="quantity"   />
				
                    <input type="hidden" name="catEntryId" value="124101"/>
                

		        <input type="hidden" name="productId" value="124100"/>
		        
		
		    <input type="hidden" name="URL" value="https://www.sainsburys.co.uk/webapp/wcs/stores/servlet/CategoryDisplay?langId=44&amp;storeId=10151&amp;krypto=a4fbIjhxfybI80CD44glFW73Nj%2Bz4ok1m6NR%2BZsiJOs%2FNPEHvw1E0jqVVURQ4szeMYVgEQZ8OaNoDnrOnzsDCzPqFKSr3nrTlATL33VRbl%2FZY5lPgAKcXIltNK3NqTE2pgkNW8B29FSYgoVkcFSM5nfG%2BKnDEUKsK1cZarIsSQw%3D&amp;ddkey=https%3Agb%2Fgroceries%2Ffruit-veg%2Fberries-cherries-currants"/>
		    <input type="hidden" name="page" value=""/>
		    <input type="hidden" name="contractId" value=""/>
		    <input type="hidden" name="calculateOrder" value="1"/>
		    <input type="hidden" name="calculationUsage" value="-1,-2,-3"/>
		    <input type="hidden" name="updateable" value="1"/>
		    <input type="hidden" name="merge" value="***"/>
		     
		   	<input type="hidden" name="callAjax" value="false"/>
		   	
		    
		        <input class="button process"  type="submit" name="Add" value="Add" />
			


		</form>
	<!-- END AddToTrolley.jsp -->
        <div class="numberInTrolley hidden numberInTrolley_124100" id="numberInTrolley_124100">
            
        </div>
    
                                        </div>

                                        <!-- BEGIN CatalogEntryRatingsReviewsInfo.jspf --><!-- productAllowedRatingsAndReviews: true -->
    <div class="reviews">
        
	        <a class="numberOfReviews repressive" href="http://reviews.sainsburys.co.uk//8076-en_gb/7555490-P/writereview.htm?submissionurl=https%3A%2F%2Fwww.sainsburys.co.uk%2Fwebapp%2Fwcs%2Fstores%2Fservlet%2FBVReviewSubmitDisplay%3FcatalogId%3D10158%26storeId%3D10151%26recipe%3D%26langId%3D44%26productId%3D7555490-P&return=https%3A%2F%2Fwww.sainsburys.co.uk%2Fwebapp%2Fwcs%2Fstores%2Fservlet%2Fhttp%3A%2F%2Fwww.sainsburys.co.uk%2Fshop%2FCategoryDisplay%3FpageSize%3D36%26catalogId%3D10158%26level%3D2%26top_category%3D12518%26parent_category_rn%3D12518%26langId%3D44%26categoryId%3D12563%26beginIndex%3D0%26storeId%3D10151" >
	    Write a review
          	</a>
        
    </div>
<!-- END CatalogEntryRatingsReviewsInfo.jspf -->
                                   </div>
                               <!-- Start AddToSubscriptionList.jspf --><!-- Start AddToSubscriptionList.jsp --><!-- End AddToSubscriptionList.jsp --><!-- End AddToSubscriptionList.jspf -->     
                    </div>
                            
                    
    
    <div class="badges">
        <ul>
            
                    
                    
                    
                     <li  class="lastchild" >

                        
                            <a href="/shop/gb/groceries/get-ideas/delivery-and-guides/freshness" >
                                         
                        <img src="/wcsstore7.28.113/SainsburysStorefrontAssetStore/wcassets/icons/typical_life/typical_life_2days.jpg" alt="Typical life 2 days" />
                            
                        
                            </a>    
                        
                    </li>
                
        </ul>   
    </div>

                </div>     
            </div>
            <!--ThumbnailRestriction --><!-- END CatalogEntryThumbnailDisplay.jsp -->
	                            </li>
                                <!-- BEGIN MerchandisingAssociationsDisplay.jsp --><!-- Start - JSP File Name:  MerchandisingAssociationsDisplay.jsp -->
    <div class="coverage ranged"></div>
<!-- END MerchandisingAssociationsDisplay.jsp -->
                                
	                            <li class="gridItem">
		                                   <!-- BEGIN CatalogEntryThumbnailDisplay.jsp -->
                    <div id="hasCrossSell_124087"class="product hasCrossSell "
                    >
                    
                        <div class="productInfo">
                            <div class="productNameAndPromotions">
                                
                                        <h3>
                                            <a href="https://www.sainsburys.co.uk/shop/gb/groceries/berries-cherries-currants/sainsburys-blueberries--so-organic-150g" >
                                                Sainsbury's Blueberries, SO Organic 150g
                                                <img src="//www.sainsburys.co.uk/wcsstore7.28.113/SainsburysStorefrontAssetStore/wcassets/product_images/media_7555452_L.jpg" alt="" />
                                            </a>
                                        </h3>
                                       
                            </div>
                             
                        </div>
                        
                        
                        
                    
                    <div class="errorBanner hidden" id="error124087"></div>                                 
                    
                    <div class="addToTrolleytabBox">
                        <!-- Start UserSubscribedOrNot.jspf --><!-- Start UserSubscribedOrNot.jsp --><!-- 
			If the user is not logged in, render this opening 
			DIV adding an addtional class to fix the border top which is removed 
			and replaced by the tabs
		-->
		<div class="addToTrolleytabContainer addItemBorderTop">
	<!-- End AddToSubscriptionList.jsp --><!-- End AddSubscriptionList.jspf --><!-- 
                        ATTENTION!!!
                        <div class="addToTrolleytabContainer">
                        This opening div is inside "../../ReusableObjects/UserSubscribedOrNot.jsp"
                        -->
                        
                        <!--  <div class="pricingAndTrolleyFormWrapper"> -->
                    <div class="pricingAndTrolleyOptions">   
                        <div class="priceTab activeContainer priceTabContainer" id="addItem_124087"> 
                            <div class="pricing">
                                
	<p class="pricePerUnit">
    Â£2.70<abbr title="per">/</abbr><abbr title="unit"><span class="pricePerUnitUnit">unit</span></abbr>
</p>
 
    <p class="pricePerMeasure">Â£18.00<abbr 
            title="per">/</abbr><abbr 
            title="kilogram"><span class="pricePerMeasureMeasure">kg</span></abbr>
    </p>

                            </div>                        
                            
                                        <div class="addToTrolleyForm ">                                       
                                            
                                            <!-- BEGIN AddToTrolley.jsp --><!-- fire an on add to bag here from  -->
		
		<form class="addToTrolleyForm" name="OrderItemAddForm_124087" action="OrderItemAdd" method="post" id="OrderItemAddForm_124087" class="addToTrolleyForm">
		    <input type="hidden" name="storeId" value="10151"/>
		    <input type="hidden" name="langId" value="44"/>
		    <input type="hidden" name="catalogId" value="10123"/>
		    
		    
		    <input type="hidden" name="errorViewName" value="CategoryDisplayView"/>
		    <input type="hidden" name="SKU_ID" value="7555452"/>
		    <input type="hidden" name="itemType" value=""/>
		    
		    
	           <input type="hidden" name="ItemSKU_ID" value="7555452"/>
	        
		        <label class="access" for="quantity_124086">Quantity</label>
		        
					<input name="quantity"  id="quantity_124086" type="text" size="3" value="1" class="quantity"   />
				
                    <input type="hidden" name="catEntryId" value="124087"/>
                

		        <input type="hidden" name="productId" value="124086"/>
		        
		
		    <input type="hidden" name="URL" value="https://www.sainsburys.co.uk/webapp/wcs/stores/servlet/CategoryDisplay?langId=44&amp;storeId=10151&amp;krypto=a4fbIjhxfybI80CD44glFW73Nj%2Bz4ok1m6NR%2BZsiJOs%2FNPEHvw1E0jqVVURQ4szeMYVgEQZ8OaNoDnrOnzsDCzPqFKSr3nrTlATL33VRbl%2FZY5lPgAKcXIltNK3NqTE2pgkNW8B29FSYgoVkcFSM5nfG%2BKnDEUKsK1cZarIsSQw%3D&amp;ddkey=https%3Agb%2Fgroceries%2Ffruit-veg%2Fberries-cherries-currants"/>
		    <input type="hidden" name="page" value=""/>
		    <input type="hidden" name="contractId" value=""/>
		    <input type="hidden" name="calculateOrder" value="1"/>
		    <input type="hidden" name="calculationUsage" value="-1,-2,-3"/>
		    <input type="hidden" name="updateable" value="1"/>
		    <input type="hidden" name="merge" value="***"/>
		     
		   	<input type="hidden" name="callAjax" value="false"/>
		   	
		    
		        <input class="button process"  type="submit" name="Add" value="Add" />
			


		</form>
	<!-- END AddToTrolley.jsp -->
        <div class="numberInTrolley hidden numberInTrolley_124086" id="numberInTrolley_124086">
            
        </div>
    
                                        </div>
                                        
                        </div>
                        <!-- Start AddToSubscriptionList.jspf --><!-- Start AddToSubscriptionList.jsp --><!-- End AddToSubscriptionList.jsp --><!-- End AddToSubscriptionList.jspf -->
                    </div>
                                
                        <!-- </div> -->
                </div>     
            </div>

            <!--ThumbnailRestriction -->
                        
               <div id="additionalItems_124087" class="additionalItems">
                    <!-- BEGIN MerchandisingAssociationsDisplay.jsp --><!-- Start - JSP File Name:  MerchandisingAssociationsDisplay.jsp --><!-- BEGIN CatalogEntryThumbnailMerchandisingAssociation.jspf -->                    
                    <div id="sitecatalyst_SELL_TYPE_1200634" class="siteCatalystTag">X-SELL</div>
                    <div class="crossSell">
                        <div class="crossSellTitle">
                            <!-- BEGIN ContentDisplay.jsp -->
	                <img
	                    src='/wcsstore7.28.113/SainsburysStorefrontAssetStore/wcassets/merchandising_associations/great_with_grid_202x32.gif'
	                    alt='wcassets/merchandising_associations/great_with_grid_202x32.gif'
	                    border="0"
	                />
	                <!-- end: ContentDisplay.jsp -->
                        </div>
                        <div class="errorBanner hidden" id="error1240861200635"></div>
                        <div class="crossSellContent">
	                        <div class="pricingAndTrolleyFormWrapper"> 
		                         <div class="pricingReviews">
		                            <div class="pricing">
		                                
	<p class="pricePerUnit">
    Â£3.30<abbr title="per">/</abbr><abbr title="unit"><span class="pricePerUnitUnit">unit</span></abbr>
</p>
 
    <p class="pricePerMeasure">Â£0.37<abbr 
            title="per">/</abbr>100<abbr 
            title="gram"><span class="pricePerMeasureMeasure">g</span></abbr>
    </p>

		                            </div>
		                        </div>
		                        <div class="addToTrolleyForm ">
		                           
		                            <!-- BEGIN AddToTrolley.jsp --><!-- fire an on add to bag here from  -->
		
		<form class="addToTrolleyForm" name="OrderItemAddForm_1200635_124086" action="OrderItemAdd" method="post" id="OrderItemAddForm_124086_1200635" class="addToTrolleyForm">
		    <input type="hidden" name="storeId" value="10151"/>
		    <input type="hidden" name="langId" value="44"/>
		    <input type="hidden" name="catalogId" value="10123"/>
		    
		    
		    <input type="hidden" name="errorViewName" value="CategoryDisplayView"/>
		    <input type="hidden" name="SKU_ID" value="7907073"/>
		    <input type="hidden" name="itemType" value="X-SELL"/>
		    
		    
	           <input type="hidden" name="ItemSKU_ID" value="7907073"/>
	        
		        <label class="access" for="quantity_1200634">Quantity</label>
		        
					<input name="quantity"  id="quantity_1200634" type="text" size="3" value="1" class="quantity"   />
				
                    <input type="hidden" name="catEntryId" value="1200635"/>
                

		        <input type="hidden" name="productId" value="1200634"/>
		        
		
		    <input type="hidden" name="URL" value="https://www.sainsburys.co.uk/webapp/wcs/stores/servlet/CategoryDisplay?langId=44&amp;storeId=10151&amp;krypto=a4fbIjhxfybI80CD44glFW73Nj%2Bz4ok1m6NR%2BZsiJOs%2FNPEHvw1E0jqVVURQ4szeMYVgEQZ8OaNoDnrOnzsDCzPqFKSr3nrTlATL33VRbl%2FZY5lPgAKcXIltNK3NqTE2pgkNW8B29FSYgoVkcFSM5nfG%2BKnDEUKsK1cZarIsSQw%3D&amp;ddkey=https%3Agb%2Fgroceries%2Ffruit-veg%2Fberries-cherries-currants"/>
		    <input type="hidden" name="page" value=""/>
		    <input type="hidden" name="contractId" value=""/>
		    <input type="hidden" name="calculateOrder" value="1"/>
		    <input type="hidden" name="calculationUsage" value="-1,-2,-3"/>
		    <input type="hidden" name="updateable" value="1"/>
		    <input type="hidden" name="merge" value="***"/>
		     
		   	<input type="hidden" name="callAjax" value="false"/>
		   	
		    
		        <input class="button process"  type="submit" name="Add" value="Add" />
			


		</form>
	<!-- END AddToTrolley.jsp -->
        <div class="numberInTrolley hidden numberInTrolley_1200634" id="numberInTrolley_1200634">
            
        </div>
    
		                        </div>
		                    </div>                
	                        <div class="crossSellInfo">
	                            <h4 class="crossSellName">
                                    <span class="access">Try this product with </span>
	                                <a href="https://www.sainsburys.co.uk/shop/ProductDisplay?storeId=10151&productId=1200634&urlRequestType=Base&langId=44&catalogId=10100">
	                                    The Collective Straight Up Unsweetened Plain Live Yogurt 900g
	                                    <img src="/wcsstore7.28.113/ExtendedSitesCatalogAssetStore/images/catalog/productImages/37/5014067345337/5014067345337_S.jpeg" alt="" />
	                                </a>
	                            </h4>
	                            
	                        </div>
	                    </div>
	                    <!--ThumbnailRestriction -->
                    </div>                
            
                <!-- END CatalogEntryThumbnailMerchandisingAssociation.jspf --><!-- END MerchandisingAssociationsDisplay.jsp --> 
                </div>
        <!-- END CatalogEntryThumbnailDisplay.jsp -->
	                            </li>
                                <!-- BEGIN MerchandisingAssociationsDisplay.jsp --><!-- Start - JSP File Name:  MerchandisingAssociationsDisplay.jsp -->
    <div class="coverage ranged"></div>
<!-- END MerchandisingAssociationsDisplay.jsp -->
                                
	                            <li class="gridItem">
		                                   <!-- BEGIN CatalogEntryThumbnailDisplay.jsp -->
                    <div id="hasCrossSell_1077049"class="product hasCrossSell "
                    >
                    
                        <div class="productInfo">
                            <div class="productNameAndPromotions">
                                
                                        <h3>
                                            <a href="https://www.sainsburys.co.uk/shop/gb/groceries/berries-cherries-currants/sainsburys-strawberries--greengrocer-250g" >
                                                Sainsbury's Strawberries, Greengrocer 250g
                                                <img src="//www.sainsburys.co.uk/wcsstore7.28.113/SainsburysStorefrontAssetStore/wcassets/product_images/2016/july/media_7828571_L.jpg" alt="" />
                                            </a>
                                        </h3>
                                       
                            </div>
                             
                        </div>
                        
                        
                        
                    
                    <div class="errorBanner hidden" id="error1077049"></div>                                 
                    
                    <div class="addToTrolleytabBox">
                        <!-- Start UserSubscribedOrNot.jspf --><!-- Start UserSubscribedOrNot.jsp --><!-- 
			If the user is not logged in, render this opening 
			DIV adding an addtional class to fix the border top which is removed 
			and replaced by the tabs
		-->
		<div class="addToTrolleytabContainer addItemBorderTop">
	<!-- End AddToSubscriptionList.jsp --><!-- End AddSubscriptionList.jspf --><!-- 
                        ATTENTION!!!
                        <div class="addToTrolleytabContainer">
                        This opening div is inside "../../ReusableObjects/UserSubscribedOrNot.jsp"
                        -->
                        
                        <!--  <div class="pricingAndTrolleyFormWrapper"> -->
                    <div class="pricingAndTrolleyOptions">   
                        <div class="priceTab activeContainer priceTabContainer" id="addItem_1077049"> 
                            <div class="pricing">
                                
	<p class="pricePerUnit">
    Â£1.00<abbr title="per">/</abbr><abbr title="unit"><span class="pricePerUnitUnit">unit</span></abbr>
</p>
 
    <p class="pricePerMeasure">Â£4.00<abbr 
            title="per">/</abbr><abbr 
            title="kilogram"><span class="pricePerMeasureMeasure">kg</span></abbr>
    </p>

                            </div>                        
                            
                                        <div class="addToTrolleyForm ">                                       
                                            
                                            <!-- BEGIN AddToTrolley.jsp --><!-- fire an on add to bag here from  -->
		
		<form class="addToTrolleyForm" name="OrderItemAddForm_1077049" action="OrderItemAdd" method="post" id="OrderItemAddForm_1077049" class="addToTrolleyForm">
		    <input type="hidden" name="storeId" value="10151"/>
		    <input type="hidden" name="langId" value="44"/>
		    <input type="hidden" name="catalogId" value="10123"/>
		    
		    
		    <input type="hidden" name="errorViewName" value="CategoryDisplayView"/>
		    <input type="hidden" name="SKU_ID" value="7828571"/>
		    <input type="hidden" name="itemType" value=""/>
		    
		    
	           <input type="hidden" name="ItemSKU_ID" value="7828571"/>
	        
		        <label class="access" for="quantity_1077048">Quantity</label>
		        
					<input name="quantity"  id="quantity_1077048" type="text" size="3" value="1" class="quantity"   />
				
                    <input type="hidden" name="catEntryId" value="1077049"/>
                

		        <input type="hidden" name="productId" value="1077048"/>
		        
		
		    <input type="hidden" name="URL" value="https://www.sainsburys.co.uk/webapp/wcs/stores/servlet/CategoryDisplay?langId=44&amp;storeId=10151&amp;krypto=a4fbIjhxfybI80CD44glFW73Nj%2Bz4ok1m6NR%2BZsiJOs%2FNPEHvw1E0jqVVURQ4szeMYVgEQZ8OaNoDnrOnzsDCzPqFKSr3nrTlATL33VRbl%2FZY5lPgAKcXIltNK3NqTE2pgkNW8B29FSYgoVkcFSM5nfG%2BKnDEUKsK1cZarIsSQw%3D&amp;ddkey=https%3Agb%2Fgroceries%2Ffruit-veg%2Fberries-cherries-currants"/>
		    <input type="hidden" name="page" value=""/>
		    <input type="hidden" name="contractId" value=""/>
		    <input type="hidden" name="calculateOrder" value="1"/>
		    <input type="hidden" name="calculationUsage" value="-1,-2,-3"/>
		    <input type="hidden" name="updateable" value="1"/>
		    <input type="hidden" name="merge" value="***"/>
		     
		   	<input type="hidden" name="callAjax" value="false"/>
		   	
		    
		        <input class="button process"  type="submit" name="Add" value="Add" />
			


		</form>
	<!-- END AddToTrolley.jsp -->
        <div class="numberInTrolley hidden numberInTrolley_1077048" id="numberInTrolley_1077048">
            
        </div>
    
                                        </div>
                                        
                        </div>
                        <!-- Start AddToSubscriptionList.jspf --><!-- Start AddToSubscriptionList.jsp --><!-- End AddToSubscriptionList.jsp --><!-- End AddToSubscriptionList.jspf -->
                    </div>
                                
                        <!-- </div> -->
                </div>     
            </div>

            <!--ThumbnailRestriction -->
                        
               <div id="additionalItems_1077049" class="additionalItems">
                    <!-- BEGIN MerchandisingAssociationsDisplay.jsp --><!-- Start - JSP File Name:  MerchandisingAssociationsDisplay.jsp --><!-- BEGIN CatalogEntryThumbnailMerchandisingAssociation.jspf -->                    
                    <div id="sitecatalyst_SELL_TYPE_1200634" class="siteCatalystTag">X-SELL</div>
                    <div class="crossSell">
                        <div class="crossSellTitle">
                            <!-- BEGIN ContentDisplay.jsp -->
	                <img
	                    src='/wcsstore7.28.113/SainsburysStorefrontAssetStore/wcassets/merchandising_associations/great_with_grid_202x32.gif'
	                    alt='wcassets/merchandising_associations/great_with_grid_202x32.gif'
	                    border="0"
	                />
	                <!-- end: ContentDisplay.jsp -->
                        </div>
                        <div class="errorBanner hidden" id="error1240861200635"></div>
                        <div class="crossSellContent">
	                        <div class="pricingAndTrolleyFormWrapper"> 
		                         <div class="pricingReviews">
		                            <div class="pricing">
		                                
	<p class="pricePerUnit">
    Â£3.30<abbr title="per">/</abbr><abbr title="unit"><span class="pricePerUnitUnit">unit</span></abbr>
</p>
 
    <p class="pricePerMeasure">Â£0.37<abbr 
            title="per">/</abbr>100<abbr 
            title="gram"><span class="pricePerMeasureMeasure">g</span></abbr>
    </p>

		                            </div>
		                        </div>
		                        <div class="addToTrolleyForm ">
		                           
		                            <!-- BEGIN AddToTrolley.jsp --><!-- fire an on add to bag here from  -->
		
		<form class="addToTrolleyForm" name="OrderItemAddForm_1200635_124086" action="OrderItemAdd" method="post" id="OrderItemAddForm_124086_1200635" class="addToTrolleyForm">
		    <input type="hidden" name="storeId" value="10151"/>
		    <input type="hidden" name="langId" value="44"/>
		    <input type="hidden" name="catalogId" value="10123"/>
		    
		    
		    <input type="hidden" name="errorViewName" value="CategoryDisplayView"/>
		    <input type="hidden" name="SKU_ID" value="7907073"/>
		    <input type="hidden" name="itemType" value="X-SELL"/>
		    
		    
	           <input type="hidden" name="ItemSKU_ID" value="7907073"/>
	        
		        <label class="access" for="quantity_1200634">Quantity</label>
		        
					<input name="quantity"  id="quantity_1200634" type="text" size="3" value="1" class="quantity"   />
				
                    <input type="hidden" name="catEntryId" value="1200635"/>
                

		        <input type="hidden" name="productId" value="1200634"/>
		        
		
		    <input type="hidden" name="URL" value="https://www.sainsburys.co.uk/webapp/wcs/stores/servlet/CategoryDisplay?langId=44&amp;storeId=10151&amp;krypto=a4fbIjhxfybI80CD44glFW73Nj%2Bz4ok1m6NR%2BZsiJOs%2FNPEHvw1E0jqVVURQ4szeMYVgEQZ8OaNoDnrOnzsDCzPqFKSr3nrTlATL33VRbl%2FZY5lPgAKcXIltNK3NqTE2pgkNW8B29FSYgoVkcFSM5nfG%2BKnDEUKsK1cZarIsSQw%3D&amp;ddkey=https%3Agb%2Fgroceries%2Ffruit-veg%2Fberries-cherries-currants"/>
		    <input type="hidden" name="page" value=""/>
		    <input type="hidden" name="contractId" value=""/>
		    <input type="hidden" name="calculateOrder" value="1"/>
		    <input type="hidden" name="calculationUsage" value="-1,-2,-3"/>
		    <input type="hidden" name="updateable" value="1"/>
		    <input type="hidden" name="merge" value="***"/>
		     
		   	<input type="hidden" name="callAjax" value="false"/>
		   	
		    
		        <input class="button process"  type="submit" name="Add" value="Add" />
			


		</form>
	<!-- END AddToTrolley.jsp -->
        <div class="numberInTrolley hidden numberInTrolley_1200634" id="numberInTrolley_1200634">
            
        </div>
    
		                        </div>
		                    </div>                
	                        <div class="crossSellInfo">
	                            <h4 class="crossSellName">
                                    <span class="access">Try this product with </span>
	                                <a href="https://www.sainsburys.co.uk/shop/ProductDisplay?storeId=10151&productId=1200634&urlRequestType=Base&langId=44&catalogId=10100">
	                                    The Collective Straight Up Unsweetened Plain Live Yogurt 900g
	                                    <img src="/wcsstore7.28.113/ExtendedSitesCatalogAssetStore/images/catalog/productImages/37/5014067345337/5014067345337_S.jpeg" alt="" />
	                                </a>
	                            </h4>
	                            
	                        </div>
	                    </div>
	                    <!--ThumbnailRestriction -->
                    </div>                
            
                <!-- END CatalogEntryThumbnailMerchandisingAssociation.jspf --><!-- END MerchandisingAssociationsDisplay.jsp --> 
                </div>
        <!-- END CatalogEntryThumbnailDisplay.jsp -->
	                            </li>
                                <!-- BEGIN MerchandisingAssociationsDisplay.jsp --><!-- Start - JSP File Name:  MerchandisingAssociationsDisplay.jsp --><!-- END MerchandisingAssociationsDisplay.jsp -->
                                
	                            <li class="gridItem">
		                                   <!-- BEGIN CatalogEntryThumbnailDisplay.jsp -->
            <div class="product  highlighted specialOffer"
                >
                
                     
                <div class="productInfo">
                    <div class="productNameAndPromotions">
                        
                                  <h3>
                                    <a href="https://www.sainsburys.co.uk/shop/gb/groceries/berries-cherries-currants/sainsburys-british-strawberries-600g-7644644-p-44" >
                                        Sainsbury's Strawberries 600g
                                        <img src="//www.sainsburys.co.uk/wcsstore7.28.113/ExtendedSitesCatalogAssetStore/images/catalog/productImages/65/0000000122665/0000000122665_L.jpeg" alt="" />
                                    </a>
                                </h3>
                              
    <div class="promotion">
                   
		            <p><a href="https://www.sainsburys.co.uk/shop/PromotionDisplayView?catalogId=10158&langId=44&productId=581680&storeId=10151&promotionId=10311444"><!-- BEGIN include/PromotionStrapline.jspf -->Only Â£2.30: Save 55p<br/>

<!-- FINISH include/PromotionStrapline.jspf -->
		            </a></p>
		                        
    </div>

                    </div> 
                </div>
                
            <div class="strapline">
                <a href="https://www.sainsburys.co.uk/shop/PromotionDisplayView?catalogId=10158&langId=44&productId=581680&storeId=10151&promotionId=10311444"><img src="/wcsstore7.28.113/SainsburysStorefrontAssetStore/wcassets/icons/special/img-special-offer.png" alt="Special Offer" />
                </a>
            </div>
          
                <div class="errorBanner hidden" id="error581681"></div>
                <div class="addToTrolleytabBox">   
                    <!--addToTrolleytabBox GRID VIEW --><!-- Start UserSubscribedOrNot.jspf --><!-- Start UserSubscribedOrNot.jsp --><!-- 
			If the user is not logged in, render this opening 
			DIV adding an addtional class to fix the border top which is removed 
			and replaced by the tabs
		-->
		<div class="addToTrolleytabContainer addItemBorderTop">
	<!-- End AddToSubscriptionList.jsp --><!-- End AddSubscriptionList.jspf --><!-- 
                    ATTENTION!!!
                    <div class="addToTrolleytabContainer">
                    This opening div is inside "../../ReusableObjects/UserSubscribedOrNot.jsp"
                    -->
                    <div class="pricingAndTrolleyOptions">
                        
                                    <div class="priceTab priceTabContainer activeContainer addItem" id="addItem_581681">
                                       <div class="pricing">
                                           
	<p class="pricePerUnit">
    Â£2.30<abbr title="per">/</abbr><abbr title="unit"><span class="pricePerUnitUnit">unit</span></abbr>
</p>
 
    <p class="pricePerMeasure">Â£3.83<abbr 
            title="per">/</abbr><abbr 
            title="kilogram"><span class="pricePerMeasureMeasure">kg</span></abbr>
    </p>

                                       </div>                                      

                                     
                                        <div class="addToTrolleyForm "> 
                                           <!-- BEGIN AddToTrolley.jsp --><!-- fire an on add to bag here from  -->
		
		<form class="addToTrolleyForm" name="OrderItemAddForm_581681" action="OrderItemAdd" method="post" id="OrderItemAddForm_581681" class="addToTrolleyForm">
		    <input type="hidden" name="storeId" value="10151"/>
		    <input type="hidden" name="langId" value="44"/>
		    <input type="hidden" name="catalogId" value="10123"/>
		    
		    
		    <input type="hidden" name="errorViewName" value="CategoryDisplayView"/>
		    <input type="hidden" name="SKU_ID" value="7644644"/>
		    <input type="hidden" name="itemType" value=""/>
		    
		    
	           <input type="hidden" name="ItemSKU_ID" value="7644644"/>
	        
		        <label class="access" for="quantity_581680">Quantity</label>
		        
					<input name="quantity"  id="quantity_581680" type="text" size="3" value="1" class="quantity"   />
				
                    <input type="hidden" name="catEntryId" value="581681"/>
                

		        <input type="hidden" name="productId" value="581680"/>
		        
		
		    <input type="hidden" name="URL" value="https://www.sainsburys.co.uk/webapp/wcs/stores/servlet/CategoryDisplay?langId=44&amp;storeId=10151&amp;krypto=a4fbIjhxfybI80CD44glFW73Nj%2Bz4ok1m6NR%2BZsiJOs%2FNPEHvw1E0jqVVURQ4szeMYVgEQZ8OaNoDnrOnzsDCzPqFKSr3nrTlATL33VRbl%2FZY5lPgAKcXIltNK3NqTE2pgkNW8B29FSYgoVkcFSM5nfG%2BKnDEUKsK1cZarIsSQw%3D&amp;ddkey=https%3Agb%2Fgroceries%2Ffruit-veg%2Fberries-cherries-currants"/>
		    <input type="hidden" name="page" value=""/>
		    <input type="hidden" name="contractId" value=""/>
		    <input type="hidden" name="calculateOrder" value="1"/>
		    <input type="hidden" name="calculationUsage" value="-1,-2,-3"/>
		    <input type="hidden" name="updateable" value="1"/>
		    <input type="hidden" name="merge" value="***"/>
		     
		   	<input type="hidden" name="callAjax" value="false"/>
		   	
		    
		        <input class="button process"  type="submit" name="Add" value="Add" />
			


		</form>
	<!-- END AddToTrolley.jsp -->
        <div class="numberInTrolley hidden numberInTrolley_581680" id="numberInTrolley_581680">
            
        </div>
    
                                        </div>

                                        <!-- BEGIN CatalogEntryRatingsReviewsInfo.jspf --><!-- productAllowedRatingsAndReviews: true -->
    <div class="reviews">
        
            <a class="numberOfReviews" href="https://www.sainsburys.co.uk/shop/gb/groceries/berries-cherries-currants/sainsburys-british-strawberries-600g-7644644-p-44" >
                <img src="//www.sainsburys.co.uk/wcsstore7.28.113/SainsburysStorefrontAssetStore/img/stars/rating-2_0.gif" alt="2.0" border="0"/>&nbsp; 
                Reviews (1)
            </a>
        
    </div>
<!-- END CatalogEntryRatingsReviewsInfo.jspf -->
                                   </div>
                               <!-- Start AddToSubscriptionList.jspf --><!-- Start AddToSubscriptionList.jsp --><!-- End AddToSubscriptionList.jsp --><!-- End AddToSubscriptionList.jspf -->     
                    </div>
                            
                    
                </div>     
            </div>
            <!--ThumbnailRestriction --><!-- END CatalogEntryThumbnailDisplay.jsp -->
	                            </li>
                                <!-- BEGIN MerchandisingAssociationsDisplay.jsp --><!-- Start - JSP File Name:  MerchandisingAssociationsDisplay.jsp --><!-- END MerchandisingAssociationsDisplay.jsp -->
                                
	                            <li class="gridItem">
		                                   <!-- BEGIN CatalogEntryThumbnailDisplay.jsp -->
            <div class="product "
                >
                
                     
                <div class="productInfo">
                    <div class="productNameAndPromotions">
                        
                                  <h3>
                                    <a href="https://www.sainsburys.co.uk/shop/gb/groceries/berries-cherries-currants/sainsburys-raspberries--taste-the-difference-150g" >
                                        Sainsbury's Raspberries, Taste the Difference 150g
                                        <img src="//www.sainsburys.co.uk/wcsstore7.28.113/ExtendedSitesCatalogAssetStore/images/catalog/productImages/42/0000001835342/0000001835342_L.jpeg" alt="" />
                                    </a>
                                </h3>
                              
                    </div> 
                </div>
                
                <div class="errorBanner hidden" id="error124163"></div>
                <div class="addToTrolleytabBox">   
                    <!--addToTrolleytabBox GRID VIEW --><!-- Start UserSubscribedOrNot.jspf --><!-- Start UserSubscribedOrNot.jsp --><!-- 
			If the user is not logged in, render this opening 
			DIV adding an addtional class to fix the border top which is removed 
			and replaced by the tabs
		-->
		<div class="addToTrolleytabContainer addItemBorderTop">
	<!-- End AddToSubscriptionList.jsp --><!-- End AddSubscriptionList.jspf --><!-- 
                    ATTENTION!!!
                    <div class="addToTrolleytabContainer">
                    This opening div is inside "../../ReusableObjects/UserSubscribedOrNot.jsp"
                    -->
                    <div class="pricingAndTrolleyOptions">
                        
                                    <div class="priceTab priceTabContainer activeContainer addItem" id="addItem_124163">
                                       <div class="pricing">
                                           
	<p class="pricePerUnit">
    Â£2.50<abbr title="per">/</abbr><abbr title="unit"><span class="pricePerUnitUnit">unit</span></abbr>
</p>
 
    <p class="pricePerMeasure">Â£16.67<abbr 
            title="per">/</abbr><abbr 
            title="kilogram"><span class="pricePerMeasureMeasure">kg</span></abbr>
    </p>

                                       </div>                                      

                                     
                                        <div class="addToTrolleyForm "> 
                                           <!-- BEGIN AddToTrolley.jsp --><!-- fire an on add to bag here from  -->
		
		<form class="addToTrolleyForm" name="OrderItemAddForm_124163" action="OrderItemAdd" method="post" id="OrderItemAddForm_124163" class="addToTrolleyForm">
		    <input type="hidden" name="storeId" value="10151"/>
		    <input type="hidden" name="langId" value="44"/>
		    <input type="hidden" name="catalogId" value="10123"/>
		    
		    
		    <input type="hidden" name="errorViewName" value="CategoryDisplayView"/>
		    <input type="hidden" name="SKU_ID" value="7555668"/>
		    <input type="hidden" name="itemType" value=""/>
		    
		    
	           <input type="hidden" name="ItemSKU_ID" value="7555668"/>
	        
		        <label class="access" for="quantity_124162">Quantity</label>
		        
					<input name="quantity"  id="quantity_124162" type="text" size="3" value="1" class="quantity"   />
				
                    <input type="hidden" name="catEntryId" value="124163"/>
                

		        <input type="hidden" name="productId" value="124162"/>
		        
		
		    <input type="hidden" name="URL" value="https://www.sainsburys.co.uk/webapp/wcs/stores/servlet/CategoryDisplay?langId=44&amp;storeId=10151&amp;krypto=a4fbIjhxfybI80CD44glFW73Nj%2Bz4ok1m6NR%2BZsiJOs%2FNPEHvw1E0jqVVURQ4szeMYVgEQZ8OaNoDnrOnzsDCzPqFKSr3nrTlATL33VRbl%2FZY5lPgAKcXIltNK3NqTE2pgkNW8B29FSYgoVkcFSM5nfG%2BKnDEUKsK1cZarIsSQw%3D&amp;ddkey=https%3Agb%2Fgroceries%2Ffruit-veg%2Fberries-cherries-currants"/>
		    <input type="hidden" name="page" value=""/>
		    <input type="hidden" name="contractId" value=""/>
		    <input type="hidden" name="calculateOrder" value="1"/>
		    <input type="hidden" name="calculationUsage" value="-1,-2,-3"/>
		    <input type="hidden" name="updateable" value="1"/>
		    <input type="hidden" name="merge" value="***"/>
		     
		   	<input type="hidden" name="callAjax" value="false"/>
		   	
		    
		        <input class="button process"  type="submit" name="Add" value="Add" />
			


		</form>
	<!-- END AddToTrolley.jsp -->
        <div class="numberInTrolley hidden numberInTrolley_124162" id="numberInTrolley_124162">
            
        </div>
    
                                        </div>

                                        <!-- BEGIN CatalogEntryRatingsReviewsInfo.jspf --><!-- productAllowedRatingsAndReviews: true -->
    <div class="reviews">
        
	        <a class="numberOfReviews repressive" href="http://reviews.sainsburys.co.uk//8076-en_gb/7555668-P/writereview.htm?submissionurl=https%3A%2F%2Fwww.sainsburys.co.uk%2Fwebapp%2Fwcs%2Fstores%2Fservlet%2FBVReviewSubmitDisplay%3FcatalogId%3D10100%26storeId%3D10151%26recipe%3D%26langId%3D44%26productId%3D7555668-P&return=https%3A%2F%2Fwww.sainsburys.co.uk%2Fwebapp%2Fwcs%2Fstores%2Fservlet%2FCategoryDisplay%3FbeginIndex%3D0%26pageSize%3D90" >
	    Write a review
          	</a>
        
    </div>
<!-- END CatalogEntryRatingsReviewsInfo.jspf -->
                                   </div>
                               <!-- Start AddToSubscriptionList.jspf --><!-- Start AddToSubscriptionList.jsp --><!-- End AddToSubscriptionList.jsp --><!-- End AddToSubscriptionList.jspf -->     
                    </div>
                            
                    
    
    <div class="badges">
        <ul>
            
                    
                    
                    
                     <li  class="lastchild" >

                        
                            <a href="/shop/gb/groceries/get-ideas/delivery-and-guides/freshness" >
                                         
                        <img src="/wcsstore7.28.113/SainsburysStorefrontAssetStore/wcassets/icons/typical_life/typical_life_2days.jpg" alt="Typical life 2 days" />
                            
                        
                            </a>    
                        
                    </li>
                
        </ul>   
    </div>

                </div>     
            </div>
            <!--ThumbnailRestriction --><!-- END CatalogEntryThumbnailDisplay.jsp -->
	                            </li>
                                <!-- BEGIN MerchandisingAssociationsDisplay.jsp --><!-- Start - JSP File Name:  MerchandisingAssociationsDisplay.jsp --><!-- END MerchandisingAssociationsDisplay.jsp -->
                                
	                            <li class="gridItem">
		                                   <!-- BEGIN CatalogEntryThumbnailDisplay.jsp -->
            <div class="product "
                >
                
                     
                <div class="productInfo">
                    <div class="productNameAndPromotions">
                        
                                  <h3>
                                    <a href="https://www.sainsburys.co.uk/shop/gb/groceries/berries-cherries-currants/sainsburys-blackberries--tangy-150g" >
                                        Sainsbury's Blackberries, Tangy 150g
                                        <img src="//www.sainsburys.co.uk/wcsstore7.28.113/ExtendedSitesCatalogAssetStore/images/catalog/productImages/57/0000001834857/0000001834857_L.jpeg" alt="" />
                                    </a>
                                </h3>
                              
                    </div> 
                </div>
                
                <div class="errorBanner hidden" id="error124059"></div>
                <div class="addToTrolleytabBox">   
                    <!--addToTrolleytabBox GRID VIEW --><!-- Start UserSubscribedOrNot.jspf --><!-- Start UserSubscribedOrNot.jsp --><!-- 
			If the user is not logged in, render this opening 
			DIV adding an addtional class to fix the border top which is removed 
			and replaced by the tabs
		-->
		<div class="addToTrolleytabContainer addItemBorderTop">
	<!-- End AddToSubscriptionList.jsp --><!-- End AddSubscriptionList.jspf --><!-- 
                    ATTENTION!!!
                    <div class="addToTrolleytabContainer">
                    This opening div is inside "../../ReusableObjects/UserSubscribedOrNot.jsp"
                    -->
                    <div class="pricingAndTrolleyOptions">
                        
                                    <div class="priceTab priceTabContainer activeContainer addItem" id="addItem_124059">
                                       <div class="pricing">
                                           
	<p class="pricePerUnit">
    Â£2.00<abbr title="per">/</abbr><abbr title="unit"><span class="pricePerUnitUnit">unit</span></abbr>
</p>
 
    <p class="pricePerMeasure">Â£13.33<abbr 
            title="per">/</abbr><abbr 
            title="kilogram"><span class="pricePerMeasureMeasure">kg</span></abbr>
    </p>

                                       </div>                                      

                                     
                                        <div class="addToTrolleyForm "> 
                                           <!-- BEGIN AddToTrolley.jsp --><!-- fire an on add to bag here from  -->
		
		<form class="addToTrolleyForm" name="OrderItemAddForm_124059" action="OrderItemAdd" method="post" id="OrderItemAddForm_124059" class="addToTrolleyForm">
		    <input type="hidden" name="storeId" value="10151"/>
		    <input type="hidden" name="langId" value="44"/>
		    <input type="hidden" name="catalogId" value="10123"/>
		    
		    
		    <input type="hidden" name="errorViewName" value="CategoryDisplayView"/>
		    <input type="hidden" name="SKU_ID" value="7555125"/>
		    <input type="hidden" name="itemType" value=""/>
		    
		    
	           <input type="hidden" name="ItemSKU_ID" value="7555125"/>
	        
		        <label class="access" for="quantity_124058">Quantity</label>
		        
					<input name="quantity"  id="quantity_124058" type="text" size="3" value="1" class="quantity"   />
				
                    <input type="hidden" name="catEntryId" value="124059"/>
                

		        <input type="hidden" name="productId" value="124058"/>
		        
		
		    <input type="hidden" name="URL" value="https://www.sainsburys.co.uk/webapp/wcs/stores/servlet/CategoryDisplay?langId=44&amp;storeId=10151&amp;krypto=a4fbIjhxfybI80CD44glFW73Nj%2Bz4ok1m6NR%2BZsiJOs%2FNPEHvw1E0jqVVURQ4szeMYVgEQZ8OaNoDnrOnzsDCzPqFKSr3nrTlATL33VRbl%2FZY5lPgAKcXIltNK3NqTE2pgkNW8B29FSYgoVkcFSM5nfG%2BKnDEUKsK1cZarIsSQw%3D&amp;ddkey=https%3Agb%2Fgroceries%2Ffruit-veg%2Fberries-cherries-currants"/>
		    <input type="hidden" name="page" value=""/>
		    <input type="hidden" name="contractId" value=""/>
		    <input type="hidden" name="calculateOrder" value="1"/>
		    <input type="hidden" name="calculationUsage" value="-1,-2,-3"/>
		    <input type="hidden" name="updateable" value="1"/>
		    <input type="hidden" name="merge" value="***"/>
		     
		   	<input type="hidden" name="callAjax" value="false"/>
		   	
		    
		        <input class="button process"  type="submit" name="Add" value="Add" />
			


		</form>
	<!-- END AddToTrolley.jsp -->
        <div class="numberInTrolley hidden numberInTrolley_124058" id="numberInTrolley_124058">
            
        </div>
    
                                        </div>

                                        <!-- BEGIN CatalogEntryRatingsReviewsInfo.jspf --><!-- productAllowedRatingsAndReviews: true -->
    <div class="reviews">
        
	        <a class="numberOfReviews repressive" href="http://reviews.sainsburys.co.uk//8076-en_gb/7555125-P/writereview.htm?submissionurl=https%3A%2F%2Fwww.sainsburys.co.uk%2Fwebapp%2Fwcs%2Fstores%2Fservlet%2FBVReviewSubmitDisplay%3FcatalogId%3D10158%26storeId%3D10151%26recipe%3D%26langId%3D44%26productId%3D7555125-P&return=https%3A%2F%2Fwww.sainsburys.co.uk%2Fwebapp%2Fwcs%2Fstores%2Fservlet%2Fhttp%3A%2F%2Fwww.sainsburys.co.uk%2Fshop%2FCategoryDisplay%3FpageSize%3D36%26catalogId%3D10158%26level%3D2%26top_category%3D12518%26parent_category_rn%3D12518%26langId%3D44%26categoryId%3D12563%26beginIndex%3D0%26storeId%3D10151" >
	    Write a review
          	</a>
        
    </div>
<!-- END CatalogEntryRatingsReviewsInfo.jspf -->
                                   </div>
                               <!-- Start AddToSubscriptionList.jspf --><!-- Start AddToSubscriptionList.jsp --><!-- End AddToSubscriptionList.jsp --><!-- End AddToSubscriptionList.jspf -->     
                    </div>
                            
                    
    
    <div class="badges">
        <ul>
            
                    
                    
                    
                     <li  class="lastchild" >

                        
                            <a href="/shop/gb/groceries/get-ideas/delivery-and-guides/freshness" >
                                         
                        <img src="/wcsstore7.28.113/SainsburysStorefrontAssetStore/wcassets/icons/typical_life/typical_life_3days.jpg" alt="Typical life 3 days" />
                            
                        
                            </a>    
                        
                    </li>
                
        </ul>   
    </div>

                </div>     
            </div>
            <!--ThumbnailRestriction --><!-- END CatalogEntryThumbnailDisplay.jsp -->
	                            </li>
                                <!-- BEGIN MerchandisingAssociationsDisplay.jsp --><!-- Start - JSP File Name:  MerchandisingAssociationsDisplay.jsp -->
    <div class="coverage ranged"></div>
<!-- END MerchandisingAssociationsDisplay.jsp -->
                                
	                            <li class="gridItem">
		                                   <!-- BEGIN CatalogEntryThumbnailDisplay.jsp -->
                    <div id="hasCrossSell_122141"class="product hasCrossSell  highlighted specialOffer"
                    >
                    
                        <div class="productInfo">
                            <div class="productNameAndPromotions">
                                
                                        <h3>
                                            <a href="https://www.sainsburys.co.uk/shop/gb/groceries/berries-cherries-currants/sainsburys-strawberries--taste-the-difference-300g" >
                                                Sainsbury's Strawberries, Taste the Difference 300g
                                                <img src="//www.sainsburys.co.uk/wcsstore7.28.113/ExtendedSitesCatalogAssetStore/images/catalog/productImages/08/0000001800708/0000001800708_L.jpeg" alt="" />
                                            </a>
                                        </h3>
                                    
    <div class="promotion">
                   
		            <p><a href="https://www.sainsburys.co.uk/shop/PromotionDisplayView?catalogId=10158&langId=44&productId=122140&storeId=10151&promotionId=10309434"><!-- BEGIN include/PromotionStrapline.jspf -->Only Â£2.25: Save 75p<br/>

<!-- FINISH include/PromotionStrapline.jspf -->
		            </a></p>
		                        
    </div>
   
                            </div>
                             
                        </div>
                        
                        
                        
                    
                    <div class="errorBanner hidden" id="error122141"></div>                                 
                    
                    <div class="addToTrolleytabBox">
                        <!-- Start UserSubscribedOrNot.jspf --><!-- Start UserSubscribedOrNot.jsp --><!-- 
			If the user is not logged in, render this opening 
			DIV adding an addtional class to fix the border top which is removed 
			and replaced by the tabs
		-->
		<div class="addToTrolleytabContainer addItemBorderTop">
	<!-- End AddToSubscriptionList.jsp --><!-- End AddSubscriptionList.jspf --><!-- 
                        ATTENTION!!!
                        <div class="addToTrolleytabContainer">
                        This opening div is inside "../../ReusableObjects/UserSubscribedOrNot.jsp"
                        -->
                        
                        <!--  <div class="pricingAndTrolleyFormWrapper"> -->
                    <div class="pricingAndTrolleyOptions">   
                        <div class="priceTab activeContainer priceTabContainer" id="addItem_122141"> 
                            <div class="pricing">
                                
	<p class="pricePerUnit">
    Â£2.25<abbr title="per">/</abbr><abbr title="unit"><span class="pricePerUnitUnit">unit</span></abbr>
</p>
 
    <p class="pricePerMeasure">Â£7.50<abbr 
            title="per">/</abbr><abbr 
            title="kilogram"><span class="pricePerMeasureMeasure">kg</span></abbr>
    </p>

                            </div>                        
                            
                                        <div class="addToTrolleyForm ">                                       
                                            
                                            <!-- BEGIN AddToTrolley.jsp --><!-- fire an on add to bag here from  -->
		
		<form class="addToTrolleyForm" name="OrderItemAddForm_122141" action="OrderItemAdd" method="post" id="OrderItemAddForm_122141" class="addToTrolleyForm">
		    <input type="hidden" name="storeId" value="10151"/>
		    <input type="hidden" name="langId" value="44"/>
		    <input type="hidden" name="catalogId" value="10123"/>
		    
		    
		    <input type="hidden" name="errorViewName" value="CategoryDisplayView"/>
		    <input type="hidden" name="SKU_ID" value="7511198"/>
		    <input type="hidden" name="itemType" value=""/>
		    
		    
	           <input type="hidden" name="ItemSKU_ID" value="7511198"/>
	        
		        <label class="access" for="quantity_122140">Quantity</label>
		        
					<input name="quantity"  id="quantity_122140" type="text" size="3" value="1" class="quantity"   />
				
                    <input type="hidden" name="catEntryId" value="122141"/>
                

		        <input type="hidden" name="productId" value="122140"/>
		        
		
		    <input type="hidden" name="URL" value="https://www.sainsburys.co.uk/webapp/wcs/stores/servlet/CategoryDisplay?langId=44&amp;storeId=10151&amp;krypto=a4fbIjhxfybI80CD44glFW73Nj%2Bz4ok1m6NR%2BZsiJOs%2FNPEHvw1E0jqVVURQ4szeMYVgEQZ8OaNoDnrOnzsDCzPqFKSr3nrTlATL33VRbl%2FZY5lPgAKcXIltNK3NqTE2pgkNW8B29FSYgoVkcFSM5nfG%2BKnDEUKsK1cZarIsSQw%3D&amp;ddkey=https%3Agb%2Fgroceries%2Ffruit-veg%2Fberries-cherries-currants"/>
		    <input type="hidden" name="page" value=""/>
		    <input type="hidden" name="contractId" value=""/>
		    <input type="hidden" name="calculateOrder" value="1"/>
		    <input type="hidden" name="calculationUsage" value="-1,-2,-3"/>
		    <input type="hidden" name="updateable" value="1"/>
		    <input type="hidden" name="merge" value="***"/>
		     
		   	<input type="hidden" name="callAjax" value="false"/>
		   	
		    
		        <input class="button process"  type="submit" name="Add" value="Add" />
			


		</form>
	<!-- END AddToTrolley.jsp -->
        <div class="numberInTrolley hidden numberInTrolley_122140" id="numberInTrolley_122140">
            
        </div>
    
                                        </div>
                                        
                        </div>
                        <!-- Start AddToSubscriptionList.jspf --><!-- Start AddToSubscriptionList.jsp --><!-- End AddToSubscriptionList.jsp --><!-- End AddToSubscriptionList.jspf -->
                    </div>
                                
                        <!-- </div> -->
                </div>     
            </div>

            
            <div class="strapline">
                <a href="https://www.sainsburys.co.uk/shop/PromotionDisplayView?catalogId=10158&langId=44&productId=122140&storeId=10151&promotionId=10309434"><img src="/wcsstore7.28.113/SainsburysStorefrontAssetStore/wcassets/icons/special/img-special-offer.png" alt="Special Offer" />
                </a>
            </div>
          <!--ThumbnailRestriction -->
                        
               <div id="additionalItems_122141" class="additionalItems">
                    <!-- BEGIN MerchandisingAssociationsDisplay.jsp --><!-- Start - JSP File Name:  MerchandisingAssociationsDisplay.jsp --><!-- BEGIN CatalogEntryThumbnailMerchandisingAssociation.jspf -->                    
                    <div id="sitecatalyst_SELL_TYPE_116244" class="siteCatalystTag">X-SELL</div>
                    <div class="crossSell">
                        <div class="crossSellTitle">
                            <!-- BEGIN ContentDisplay.jsp -->
	                <img
	                    src='/wcsstore7.28.113/SainsburysStorefrontAssetStore/wcassets/merchandising_associations/try_with_grid_202x32.gif'
	                    alt='wcassets/merchandising_associations/try_with_grid_202x32.gif'
	                    border="0"
	                />
	                <!-- end: ContentDisplay.jsp -->
                        </div>
                        <div class="errorBanner hidden" id="error122140116245"></div>
                        <div class="crossSellContent">
	                        <div class="pricingAndTrolleyFormWrapper"> 
		                         <div class="pricingReviews">
		                            <div class="pricing">
		                                
	<p class="pricePerUnit">
    Â£1.10<abbr title="per">/</abbr><abbr title="unit"><span class="pricePerUnitUnit">unit</span></abbr>
</p>
 
    <p class="pricePerMeasure">Â£0.37<abbr 
            title="per">/</abbr>100<abbr 
            title="millilitre"><span class="pricePerMeasureMeasure">ml</span></abbr>
    </p>

		                            </div>
		                        </div>
		                        <div class="addToTrolleyForm ">
		                           
		                            <!-- BEGIN AddToTrolley.jsp --><!-- fire an on add to bag here from  -->
		
		<form class="addToTrolleyForm" name="OrderItemAddForm_116245_122140" action="OrderItemAdd" method="post" id="OrderItemAddForm_122140_116245" class="addToTrolleyForm">
		    <input type="hidden" name="storeId" value="10151"/>
		    <input type="hidden" name="langId" value="44"/>
		    <input type="hidden" name="catalogId" value="10123"/>
		    
		    
		    <input type="hidden" name="errorViewName" value="CategoryDisplayView"/>
		    <input type="hidden" name="SKU_ID" value="6615223"/>
		    <input type="hidden" name="itemType" value="X-SELL"/>
		    
		    
	           <input type="hidden" name="ItemSKU_ID" value="6615223"/>
	        
		        <label class="access" for="quantity_116244">Quantity</label>
		        
					<input name="quantity"  id="quantity_116244" type="text" size="3" value="1" class="quantity"   />
				
                    <input type="hidden" name="catEntryId" value="116245"/>
                

		        <input type="hidden" name="productId" value="116244"/>
		        
		
		    <input type="hidden" name="URL" value="https://www.sainsburys.co.uk/webapp/wcs/stores/servlet/CategoryDisplay?langId=44&amp;storeId=10151&amp;krypto=a4fbIjhxfybI80CD44glFW73Nj%2Bz4ok1m6NR%2BZsiJOs%2FNPEHvw1E0jqVVURQ4szeMYVgEQZ8OaNoDnrOnzsDCzPqFKSr3nrTlATL33VRbl%2FZY5lPgAKcXIltNK3NqTE2pgkNW8B29FSYgoVkcFSM5nfG%2BKnDEUKsK1cZarIsSQw%3D&amp;ddkey=https%3Agb%2Fgroceries%2Ffruit-veg%2Fberries-cherries-currants"/>
		    <input type="hidden" name="page" value=""/>
		    <input type="hidden" name="contractId" value=""/>
		    <input type="hidden" name="calculateOrder" value="1"/>
		    <input type="hidden" name="calculationUsage" value="-1,-2,-3"/>
		    <input type="hidden" name="updateable" value="1"/>
		    <input type="hidden" name="merge" value="***"/>
		     
		   	<input type="hidden" name="callAjax" value="false"/>
		   	
		    
		        <input class="button process"  type="submit" name="Add" value="Add" />
			


		</form>
	<!-- END AddToTrolley.jsp -->
        <div class="numberInTrolley hidden numberInTrolley_116244" id="numberInTrolley_116244">
            
        </div>
    
		                        </div>
		                    </div>                
	                        <div class="crossSellInfo">
	                            <h4 class="crossSellName">
                                    <span class="access">Try this product with </span>
	                                <a href="https://www.sainsburys.co.uk/shop/gb/groceries/sainsburys-whipping-cream-300ml">
	                                    Sainsbury's British Whipping Fresh Cream 330ml
	                                    <img src="/wcsstore7.28.113/ExtendedSitesCatalogAssetStore/images/catalog/productImages/16/0000001510416/0000001510416_S.jpeg" alt="" />
	                                </a>
	                            </h4>
	                            
	                        </div>
	                    </div>
	                    <!--ThumbnailRestriction -->
                    </div>                
            
                <!-- END CatalogEntryThumbnailMerchandisingAssociation.jspf --><!-- END MerchandisingAssociationsDisplay.jsp --> 
                </div>
        <!-- END CatalogEntryThumbnailDisplay.jsp -->
	                            </li>
                                <!-- BEGIN MerchandisingAssociationsDisplay.jsp --><!-- Start - JSP File Name:  MerchandisingAssociationsDisplay.jsp --><!-- END MerchandisingAssociationsDisplay.jsp -->
                                
	                            <li class="gridItem">
		                                   <!-- BEGIN CatalogEntryThumbnailDisplay.jsp -->
            <div class="product "
                >
                
                     
                <div class="productInfo">
                    <div class="productNameAndPromotions">
                        
                                  <h3>
                                    <a href="https://www.sainsburys.co.uk/shop/gb/groceries/berries-cherries-currants/sainsburys-blueberries-100g" >
                                        Sainsbury's Blueberries 100g
                                        <img src="//www.sainsburys.co.uk/wcsstore7.28.113/ExtendedSitesCatalogAssetStore/images/catalog/productImages/07/0000000206907/0000000206907_L.jpeg" alt="" />
                                    </a>
                                </h3>
                              
                    </div> 
                </div>
                
                <div class="errorBanner hidden" id="error890517"></div>
                <div class="addToTrolleytabBox">   
                    <!--addToTrolleytabBox GRID VIEW --><!-- Start UserSubscribedOrNot.jspf --><!-- Start UserSubscribedOrNot.jsp --><!-- 
			If the user is not logged in, render this opening 
			DIV adding an addtional class to fix the border top which is removed 
			and replaced by the tabs
		-->
		<div class="addToTrolleytabContainer addItemBorderTop">
	<!-- End AddToSubscriptionList.jsp --><!-- End AddSubscriptionList.jspf --><!-- 
                    ATTENTION!!!
                    <div class="addToTrolleytabContainer">
                    This opening div is inside "../../ReusableObjects/UserSubscribedOrNot.jsp"
                    -->
                    <div class="pricingAndTrolleyOptions">
                        
                                    <div class="priceTab priceTabContainer activeContainer addItem" id="addItem_890517">
                                       <div class="pricing">
                                           
	<p class="pricePerUnit">
    Â£1.00<abbr title="per">/</abbr><abbr title="unit"><span class="pricePerUnitUnit">unit</span></abbr>
</p>
 
    <p class="pricePerMeasure">Â£10.00<abbr 
            title="per">/</abbr><abbr 
            title="kilogram"><span class="pricePerMeasureMeasure">kg</span></abbr>
    </p>

                                       </div>                                      

                                     
                                        <div class="addToTrolleyForm "> 
                                           <!-- BEGIN AddToTrolley.jsp --><!-- fire an on add to bag here from  -->
		
		<form class="addToTrolleyForm" name="OrderItemAddForm_890517" action="OrderItemAdd" method="post" id="OrderItemAddForm_890517" class="addToTrolleyForm">
		    <input type="hidden" name="storeId" value="10151"/>
		    <input type="hidden" name="langId" value="44"/>
		    <input type="hidden" name="catalogId" value="10123"/>
		    
		    
		    <input type="hidden" name="errorViewName" value="CategoryDisplayView"/>
		    <input type="hidden" name="SKU_ID" value="7751665"/>
		    <input type="hidden" name="itemType" value=""/>
		    
		    
	           <input type="hidden" name="ItemSKU_ID" value="7751665"/>
	        
		        <label class="access" for="quantity_890516">Quantity</label>
		        
					<input name="quantity"  id="quantity_890516" type="text" size="3" value="1" class="quantity"   />
				
                    <input type="hidden" name="catEntryId" value="890517"/>
                

		        <input type="hidden" name="productId" value="890516"/>
		        
		
		    <input type="hidden" name="URL" value="https://www.sainsburys.co.uk/webapp/wcs/stores/servlet/CategoryDisplay?langId=44&amp;storeId=10151&amp;krypto=a4fbIjhxfybI80CD44glFW73Nj%2Bz4ok1m6NR%2BZsiJOs%2FNPEHvw1E0jqVVURQ4szeMYVgEQZ8OaNoDnrOnzsDCzPqFKSr3nrTlATL33VRbl%2FZY5lPgAKcXIltNK3NqTE2pgkNW8B29FSYgoVkcFSM5nfG%2BKnDEUKsK1cZarIsSQw%3D&amp;ddkey=https%3Agb%2Fgroceries%2Ffruit-veg%2Fberries-cherries-currants"/>
		    <input type="hidden" name="page" value=""/>
		    <input type="hidden" name="contractId" value=""/>
		    <input type="hidden" name="calculateOrder" value="1"/>
		    <input type="hidden" name="calculationUsage" value="-1,-2,-3"/>
		    <input type="hidden" name="updateable" value="1"/>
		    <input type="hidden" name="merge" value="***"/>
		     
		   	<input type="hidden" name="callAjax" value="false"/>
		   	
		    
		        <input class="button process"  type="submit" name="Add" value="Add" />
			


		</form>
	<!-- END AddToTrolley.jsp -->
        <div class="numberInTrolley hidden numberInTrolley_890516" id="numberInTrolley_890516">
            
        </div>
    
                                        </div>

                                        <!-- BEGIN CatalogEntryRatingsReviewsInfo.jspf --><!-- productAllowedRatingsAndReviews: true -->
    <div class="reviews">
        
	        <a class="numberOfReviews repressive" href="http://reviews.sainsburys.co.uk//8076-en_gb/7751665-P/writereview.htm?submissionurl=https%3A%2F%2Fwww.sainsburys.co.uk%2Fwebapp%2Fwcs%2Fstores%2Fservlet%2FBVReviewSubmitDisplay%3FcatalogId%3D10158%26storeId%3D10151%26recipe%3D%26langId%3D44%26productId%3D7751665-P&return=https%3A%2F%2Fwww.sainsburys.co.uk%2Fwebapp%2Fwcs%2Fstores%2Fservlet%2Fhttp%3A%2F%2Fwww.sainsburys.co.uk%2Fshop%2FCategoryDisplay%3FpageSize%3D36%26catalogId%3D10158%26level%3D2%26top_category%3D12518%26parent_category_rn%3D12518%26langId%3D44%26categoryId%3D12563%26beginIndex%3D0%26storeId%3D10151" >
	    Write a review
          	</a>
        
    </div>
<!-- END CatalogEntryRatingsReviewsInfo.jspf -->
                                   </div>
                               <!-- Start AddToSubscriptionList.jspf --><!-- Start AddToSubscriptionList.jsp --><!-- End AddToSubscriptionList.jsp --><!-- End AddToSubscriptionList.jspf -->     
                    </div>
                            
                    
    
    <div class="badges">
        <ul>
            
                    
                    
                    
                     <li  class="lastchild" >

                        
                            <a href="/shop/gb/groceries/get-ideas/delivery-and-guides/freshness" >
                                         
                        <img src="/wcsstore7.28.113/SainsburysStorefrontAssetStore/wcassets/icons/typical_life/typical_life_2days.jpg" alt="Typical life 2 days" />
                            
                        
                            </a>    
                        
                    </li>
                
        </ul>   
    </div>

                </div>     
            </div>
            <!--ThumbnailRestriction --><!-- END CatalogEntryThumbnailDisplay.jsp -->
	                            </li>
                                <!-- BEGIN MerchandisingAssociationsDisplay.jsp --><!-- Start - JSP File Name:  MerchandisingAssociationsDisplay.jsp -->
    <div class="coverage ranged"></div>
<!-- END MerchandisingAssociationsDisplay.jsp -->
                                
	                            <li class="gridItem">
		                                   <!-- BEGIN CatalogEntryThumbnailDisplay.jsp -->
                    <div id="hasCrossSell_122081"class="product hasCrossSell "
                    >
                    
                        <div class="productInfo">
                            <div class="productNameAndPromotions">
                                
                                        <h3>
                                            <a href="https://www.sainsburys.co.uk/shop/gb/groceries/berries-cherries-currants/sainsburys-strawberries--so-organic-300g" >
                                                Sainsbury's Strawberries, SO Organic 300g
                                                <img src="//www.sainsburys.co.uk/wcsstore7.28.113/ExtendedSitesCatalogAssetStore/images/catalog/productImages/73/0000001800173/0000001800173_L.jpeg" alt="" />
                                            </a>
                                        </h3>
                                       
                            </div>
                             
                        </div>
                        
                        
                        
                    
                    <div class="errorBanner hidden" id="error122081"></div>                                 
                    
                    <div class="addToTrolleytabBox">
                        <!-- Start UserSubscribedOrNot.jspf --><!-- Start UserSubscribedOrNot.jsp --><!-- 
			If the user is not logged in, render this opening 
			DIV adding an addtional class to fix the border top which is removed 
			and replaced by the tabs
		-->
		<div class="addToTrolleytabContainer addItemBorderTop">
	<!-- End AddToSubscriptionList.jsp --><!-- End AddSubscriptionList.jspf --><!-- 
                        ATTENTION!!!
                        <div class="addToTrolleytabContainer">
                        This opening div is inside "../../ReusableObjects/UserSubscribedOrNot.jsp"
                        -->
                        
                        <!--  <div class="pricingAndTrolleyFormWrapper"> -->
                    <div class="pricingAndTrolleyOptions">   
                        <div class="priceTab activeContainer priceTabContainer" id="addItem_122081"> 
                            <div class="pricing">
                                
	<p class="pricePerUnit">
    Â£2.50<abbr title="per">/</abbr><abbr title="unit"><span class="pricePerUnitUnit">unit</span></abbr>
</p>
 
    <p class="pricePerMeasure">Â£8.33<abbr 
            title="per">/</abbr><abbr 
            title="kilogram"><span class="pricePerMeasureMeasure">kg</span></abbr>
    </p>

                            </div>                        
                            
                                        <div class="addToTrolleyForm ">                                       
                                            
                                            <!-- BEGIN AddToTrolley.jsp --><!-- fire an on add to bag here from  -->
		
		<form class="addToTrolleyForm" name="OrderItemAddForm_122081" action="OrderItemAdd" method="post" id="OrderItemAddForm_122081" class="addToTrolleyForm">
		    <input type="hidden" name="storeId" value="10151"/>
		    <input type="hidden" name="langId" value="44"/>
		    <input type="hidden" name="catalogId" value="10123"/>
		    
		    
		    <input type="hidden" name="errorViewName" value="CategoryDisplayView"/>
		    <input type="hidden" name="SKU_ID" value="7510630"/>
		    <input type="hidden" name="itemType" value=""/>
		    
		    
	           <input type="hidden" name="ItemSKU_ID" value="7510630"/>
	        
		        <label class="access" for="quantity_122080">Quantity</label>
		        
					<input name="quantity"  id="quantity_122080" type="text" size="3" value="1" class="quantity"   />
				
                    <input type="hidden" name="catEntryId" value="122081"/>
                

		        <input type="hidden" name="productId" value="122080"/>
		        
		
		    <input type="hidden" name="URL" value="https://www.sainsburys.co.uk/webapp/wcs/stores/servlet/CategoryDisplay?langId=44&amp;storeId=10151&amp;krypto=a4fbIjhxfybI80CD44glFW73Nj%2Bz4ok1m6NR%2BZsiJOs%2FNPEHvw1E0jqVVURQ4szeMYVgEQZ8OaNoDnrOnzsDCzPqFKSr3nrTlATL33VRbl%2FZY5lPgAKcXIltNK3NqTE2pgkNW8B29FSYgoVkcFSM5nfG%2BKnDEUKsK1cZarIsSQw%3D&amp;ddkey=https%3Agb%2Fgroceries%2Ffruit-veg%2Fberries-cherries-currants"/>
		    <input type="hidden" name="page" value=""/>
		    <input type="hidden" name="contractId" value=""/>
		    <input type="hidden" name="calculateOrder" value="1"/>
		    <input type="hidden" name="calculationUsage" value="-1,-2,-3"/>
		    <input type="hidden" name="updateable" value="1"/>
		    <input type="hidden" name="merge" value="***"/>
		     
		   	<input type="hidden" name="callAjax" value="false"/>
		   	
		    
		        <input class="button process"  type="submit" name="Add" value="Add" />
			


		</form>
	<!-- END AddToTrolley.jsp -->
        <div class="numberInTrolley hidden numberInTrolley_122080" id="numberInTrolley_122080">
            
        </div>
    
                                        </div>
                                        
                        </div>
                        <!-- Start AddToSubscriptionList.jspf --><!-- Start AddToSubscriptionList.jsp --><!-- End AddToSubscriptionList.jsp --><!-- End AddToSubscriptionList.jspf -->
                    </div>
                                
                        <!-- </div> -->
                </div>     
            </div>

            <!--ThumbnailRestriction -->
                        
               <div id="additionalItems_122081" class="additionalItems">
                    <!-- BEGIN MerchandisingAssociationsDisplay.jsp --><!-- Start - JSP File Name:  MerchandisingAssociationsDisplay.jsp --><!-- BEGIN CatalogEntryThumbnailMerchandisingAssociation.jspf -->                    
                    <div id="sitecatalyst_SELL_TYPE_116236" class="siteCatalystTag">X-SELL</div>
                    <div class="crossSell">
                        <div class="crossSellTitle">
                            <!-- BEGIN ContentDisplay.jsp -->
	                <img
	                    src='/wcsstore7.28.113/SainsburysStorefrontAssetStore/wcassets/merchandising_associations/try_with_grid_202x32.gif'
	                    alt='wcassets/merchandising_associations/try_with_grid_202x32.gif'
	                    border="0"
	                />
	                <!-- end: ContentDisplay.jsp -->
                        </div>
                        <div class="errorBanner hidden" id="error122080116237"></div>
                        <div class="crossSellContent">
	                        <div class="pricingAndTrolleyFormWrapper"> 
		                         <div class="pricingReviews">
		                            <div class="pricing">
		                                
	<p class="pricePerUnit">
    Â£1.25<abbr title="per">/</abbr><abbr title="unit"><span class="pricePerUnitUnit">unit</span></abbr>
</p>
 
    <p class="pricePerMeasure">Â£0.42<abbr 
            title="per">/</abbr>100<abbr 
            title="millilitre"><span class="pricePerMeasureMeasure">ml</span></abbr>
    </p>

		                            </div>
		                        </div>
		                        <div class="addToTrolleyForm ">
		                           
		                            <!-- BEGIN AddToTrolley.jsp --><!-- fire an on add to bag here from  -->
		
		<form class="addToTrolleyForm" name="OrderItemAddForm_116237_122080" action="OrderItemAdd" method="post" id="OrderItemAddForm_122080_116237" class="addToTrolleyForm">
		    <input type="hidden" name="storeId" value="10151"/>
		    <input type="hidden" name="langId" value="44"/>
		    <input type="hidden" name="catalogId" value="10123"/>
		    
		    
		    <input type="hidden" name="errorViewName" value="CategoryDisplayView"/>
		    <input type="hidden" name="SKU_ID" value="6615203"/>
		    <input type="hidden" name="itemType" value="X-SELL"/>
		    
		    
	           <input type="hidden" name="ItemSKU_ID" value="6615203"/>
	        
		        <label class="access" for="quantity_116236">Quantity</label>
		        
					<input name="quantity"  id="quantity_116236" type="text" size="3" value="1" class="quantity"   />
				
                    <input type="hidden" name="catEntryId" value="116237"/>
                

		        <input type="hidden" name="productId" value="116236"/>
		        
		
		    <input type="hidden" name="URL" value="https://www.sainsburys.co.uk/webapp/wcs/stores/servlet/CategoryDisplay?langId=44&amp;storeId=10151&amp;krypto=a4fbIjhxfybI80CD44glFW73Nj%2Bz4ok1m6NR%2BZsiJOs%2FNPEHvw1E0jqVVURQ4szeMYVgEQZ8OaNoDnrOnzsDCzPqFKSr3nrTlATL33VRbl%2FZY5lPgAKcXIltNK3NqTE2pgkNW8B29FSYgoVkcFSM5nfG%2BKnDEUKsK1cZarIsSQw%3D&amp;ddkey=https%3Agb%2Fgroceries%2Ffruit-veg%2Fberries-cherries-currants"/>
		    <input type="hidden" name="page" value=""/>
		    <input type="hidden" name="contractId" value=""/>
		    <input type="hidden" name="calculateOrder" value="1"/>
		    <input type="hidden" name="calculationUsage" value="-1,-2,-3"/>
		    <input type="hidden" name="updateable" value="1"/>
		    <input type="hidden" name="merge" value="***"/>
		     
		   	<input type="hidden" name="callAjax" value="false"/>
		   	
		    
		        <input class="button process"  type="submit" name="Add" value="Add" />
			


		</form>
	<!-- END AddToTrolley.jsp -->
        <div class="numberInTrolley hidden numberInTrolley_116236" id="numberInTrolley_116236">
            
        </div>
    
		                        </div>
		                    </div>                
	                        <div class="crossSellInfo">
	                            <h4 class="crossSellName">
                                    <span class="access">Try this product with </span>
	                                <a href="https://www.sainsburys.co.uk/shop/gb/groceries/sainsburys-extra-thick-double-cream-300ml">
	                                    Sainsbury's British Extra Thick Double Fresh Cream 300ml
	                                    <img src="/wcsstore7.28.113/ExtendedSitesCatalogAssetStore/images/catalog/productImages/55/0000001510355/0000001510355_S.jpeg" alt="" />
	                                </a>
	                            </h4>
	                            
	                        </div>
	                    </div>
	                    <!--ThumbnailRestriction -->
                    </div>                
            
                <!-- END CatalogEntryThumbnailMerchandisingAssociation.jspf --><!-- END MerchandisingAssociationsDisplay.jsp --> 
                </div>
        <!-- END CatalogEntryThumbnailDisplay.jsp -->
	                            </li>
                                <!-- BEGIN MerchandisingAssociationsDisplay.jsp --><!-- Start - JSP File Name:  MerchandisingAssociationsDisplay.jsp --><!-- END MerchandisingAssociationsDisplay.jsp -->
                                
	                            <li class="gridItem">
		                                   <!-- BEGIN CatalogEntryThumbnailDisplay.jsp -->
            <div class="product "
                >
                
                     
                <div class="productInfo">
                    <div class="productNameAndPromotions">
                        
                                  <h3>
                                    <a href="https://www.sainsburys.co.uk/shop/gb/groceries/berries-cherries-currants/sainsburys-raspberries--so-organic-125g" >
                                        Sainsbury's Raspberries, SO Organic 125g
                                        <img src="//www.sainsburys.co.uk/wcsstore7.28.113/ExtendedSitesCatalogAssetStore/images/catalog/productImages/04/0000001835304/0000001835304_L.jpeg" alt="" />
                                    </a>
                                </h3>
                              
                    </div> 
                </div>
                
                <div class="errorBanner hidden" id="error124109"></div>
                <div class="addToTrolleytabBox">   
                    <!--addToTrolleytabBox GRID VIEW --><!-- Start UserSubscribedOrNot.jspf --><!-- Start UserSubscribedOrNot.jsp --><!-- 
			If the user is not logged in, render this opening 
			DIV adding an addtional class to fix the border top which is removed 
			and replaced by the tabs
		-->
		<div class="addToTrolleytabContainer addItemBorderTop">
	<!-- End AddToSubscriptionList.jsp --><!-- End AddSubscriptionList.jspf --><!-- 
                    ATTENTION!!!
                    <div class="addToTrolleytabContainer">
                    This opening div is inside "../../ReusableObjects/UserSubscribedOrNot.jsp"
                    -->
                    <div class="pricingAndTrolleyOptions">
                        
                                    <div class="priceTab priceTabContainer activeContainer addItem" id="addItem_124109">
                                       <div class="pricing">
                                           
	<p class="pricePerUnit">
    Â£2.50<abbr title="per">/</abbr><abbr title="unit"><span class="pricePerUnitUnit">unit</span></abbr>
</p>
 
    <p class="pricePerMeasure">Â£20.00<abbr 
            title="per">/</abbr><abbr 
            title="kilogram"><span class="pricePerMeasureMeasure">kg</span></abbr>
    </p>

                                       </div>                                      

                                     
                                        <div class="addToTrolleyForm "> 
                                           <!-- BEGIN AddToTrolley.jsp --><!-- fire an on add to bag here from  -->
		
		<form class="addToTrolleyForm" name="OrderItemAddForm_124109" action="OrderItemAdd" method="post" id="OrderItemAddForm_124109" class="addToTrolleyForm">
		    <input type="hidden" name="storeId" value="10151"/>
		    <input type="hidden" name="langId" value="44"/>
		    <input type="hidden" name="catalogId" value="10123"/>
		    
		    
		    <input type="hidden" name="errorViewName" value="CategoryDisplayView"/>
		    <input type="hidden" name="SKU_ID" value="7555541"/>
		    <input type="hidden" name="itemType" value=""/>
		    
		    
	           <input type="hidden" name="ItemSKU_ID" value="7555541"/>
	        
		        <label class="access" for="quantity_124108">Quantity</label>
		        
					<input name="quantity"  id="quantity_124108" type="text" size="3" value="1" class="quantity"   />
				
                    <input type="hidden" name="catEntryId" value="124109"/>
                

		        <input type="hidden" name="productId" value="124108"/>
		        
		
		    <input type="hidden" name="URL" value="https://www.sainsburys.co.uk/webapp/wcs/stores/servlet/CategoryDisplay?langId=44&amp;storeId=10151&amp;krypto=a4fbIjhxfybI80CD44glFW73Nj%2Bz4ok1m6NR%2BZsiJOs%2FNPEHvw1E0jqVVURQ4szeMYVgEQZ8OaNoDnrOnzsDCzPqFKSr3nrTlATL33VRbl%2FZY5lPgAKcXIltNK3NqTE2pgkNW8B29FSYgoVkcFSM5nfG%2BKnDEUKsK1cZarIsSQw%3D&amp;ddkey=https%3Agb%2Fgroceries%2Ffruit-veg%2Fberries-cherries-currants"/>
		    <input type="hidden" name="page" value=""/>
		    <input type="hidden" name="contractId" value=""/>
		    <input type="hidden" name="calculateOrder" value="1"/>
		    <input type="hidden" name="calculationUsage" value="-1,-2,-3"/>
		    <input type="hidden" name="updateable" value="1"/>
		    <input type="hidden" name="merge" value="***"/>
		     
		   	<input type="hidden" name="callAjax" value="false"/>
		   	
		    
		        <input class="button process"  type="submit" name="Add" value="Add" />
			


		</form>
	<!-- END AddToTrolley.jsp -->
        <div class="numberInTrolley hidden numberInTrolley_124108" id="numberInTrolley_124108">
            
        </div>
    
                                        </div>

                                        <!-- BEGIN CatalogEntryRatingsReviewsInfo.jspf --><!-- productAllowedRatingsAndReviews: true -->
    <div class="reviews">
        
	        <a class="numberOfReviews repressive" href="http://reviews.sainsburys.co.uk//8076-en_gb/7555541-P/writereview.htm?submissionurl=https%3A%2F%2Fwww.sainsburys.co.uk%2Fwebapp%2Fwcs%2Fstores%2Fservlet%2FBVReviewSubmitDisplay%3FcatalogId%3D10100%26storeId%3D10151%26recipe%3D%26langId%3D44%26productId%3D7555541-P&return=https%3A%2F%2Fwww.sainsburys.co.uk%2Fwebapp%2Fwcs%2Fstores%2Fservlet%2FCategoryDisplay%3FbeginIndex%3D0%26pageSize%3D90" >
	    Write a review
          	</a>
        
    </div>
<!-- END CatalogEntryRatingsReviewsInfo.jspf -->
                                   </div>
                               <!-- Start AddToSubscriptionList.jspf --><!-- Start AddToSubscriptionList.jsp --><!-- End AddToSubscriptionList.jsp --><!-- End AddToSubscriptionList.jspf -->     
                    </div>
                            
                    
    
    <div class="badges">
        <ul>
            
                    
                    
                    
                     <li  class="lastchild" >

                        
                            <a href="/shop/gb/groceries/get-ideas/delivery-and-guides/freshness" >
                                         
                        <img src="/wcsstore7.28.113/SainsburysStorefrontAssetStore/wcassets/icons/typical_life/typical_life_2days.jpg" alt="Typical life 2 days" />
                            
                        
                            </a>    
                        
                    </li>
                
        </ul>   
    </div>

                </div>     
            </div>
            <!--ThumbnailRestriction --><!-- END CatalogEntryThumbnailDisplay.jsp -->
	                            </li>
                                <!-- BEGIN MerchandisingAssociationsDisplay.jsp --><!-- Start - JSP File Name:  MerchandisingAssociationsDisplay.jsp --><!-- END MerchandisingAssociationsDisplay.jsp -->
                                
	                            <li class="gridItem">
		                                   <!-- BEGIN CatalogEntryThumbnailDisplay.jsp -->
            <div class="product "
                >
                
                     
                <div class="productInfo">
                    <div class="productNameAndPromotions">
                        
                                  <h3>
                                    <a href="https://www.sainsburys.co.uk/shop/gb/groceries/berries-cherries-currants/sainsburys-mixed-berries-300g" >
                                        Sainsbury's Mixed Berries 300g
                                        <img src="//www.sainsburys.co.uk/wcsstore7.28.113/ExtendedSitesCatalogAssetStore/images/catalog/productImages/98/0000001835298/0000001835298_L.jpeg" alt="" />
                                    </a>
                                </h3>
                              
                    </div> 
                </div>
                
                <div class="errorBanner hidden" id="error124103"></div>
                <div class="addToTrolleytabBox">   
                    <!--addToTrolleytabBox GRID VIEW --><!-- Start UserSubscribedOrNot.jspf --><!-- Start UserSubscribedOrNot.jsp --><!-- 
			If the user is not logged in, render this opening 
			DIV adding an addtional class to fix the border top which is removed 
			and replaced by the tabs
		-->
		<div class="addToTrolleytabContainer addItemBorderTop">
	<!-- End AddToSubscriptionList.jsp --><!-- End AddSubscriptionList.jspf --><!-- 
                    ATTENTION!!!
                    <div class="addToTrolleytabContainer">
                    This opening div is inside "../../ReusableObjects/UserSubscribedOrNot.jsp"
                    -->
                    <div class="pricingAndTrolleyOptions">
                        
                                    <div class="priceTab priceTabContainer activeContainer addItem" id="addItem_124103">
                                       <div class="pricing">
                                           
	<p class="pricePerUnit">
    Â£3.50<abbr title="per">/</abbr><abbr title="unit"><span class="pricePerUnitUnit">unit</span></abbr>
</p>
 
    <p class="pricePerMeasure">Â£11.67<abbr 
            title="per">/</abbr><abbr 
            title="kilogram"><span class="pricePerMeasureMeasure">kg</span></abbr>
    </p>

                                       </div>                                      

                                     
                                        <div class="addToTrolleyForm "> 
                                           <!-- BEGIN AddToTrolley.jsp --><!-- fire an on add to bag here from  -->
		
		<form class="addToTrolleyForm" name="OrderItemAddForm_124103" action="OrderItemAdd" method="post" id="OrderItemAddForm_124103" class="addToTrolleyForm">
		    <input type="hidden" name="storeId" value="10151"/>
		    <input type="hidden" name="langId" value="44"/>
		    <input type="hidden" name="catalogId" value="10123"/>
		    
		    
		    <input type="hidden" name="errorViewName" value="CategoryDisplayView"/>
		    <input type="hidden" name="SKU_ID" value="7555515"/>
		    <input type="hidden" name="itemType" value=""/>
		    
		    
	           <input type="hidden" name="ItemSKU_ID" value="7555515"/>
	        
		        <label class="access" for="quantity_124102">Quantity</label>
		        
					<input name="quantity"  id="quantity_124102" type="text" size="3" value="1" class="quantity"   />
				
                    <input type="hidden" name="catEntryId" value="124103"/>
                

		        <input type="hidden" name="productId" value="124102"/>
		        
		
		    <input type="hidden" name="URL" value="https://www.sainsburys.co.uk/webapp/wcs/stores/servlet/CategoryDisplay?langId=44&amp;storeId=10151&amp;krypto=a4fbIjhxfybI80CD44glFW73Nj%2Bz4ok1m6NR%2BZsiJOs%2FNPEHvw1E0jqVVURQ4szeMYVgEQZ8OaNoDnrOnzsDCzPqFKSr3nrTlATL33VRbl%2FZY5lPgAKcXIltNK3NqTE2pgkNW8B29FSYgoVkcFSM5nfG%2BKnDEUKsK1cZarIsSQw%3D&amp;ddkey=https%3Agb%2Fgroceries%2Ffruit-veg%2Fberries-cherries-currants"/>
		    <input type="hidden" name="page" value=""/>
		    <input type="hidden" name="contractId" value=""/>
		    <input type="hidden" name="calculateOrder" value="1"/>
		    <input type="hidden" name="calculationUsage" value="-1,-2,-3"/>
		    <input type="hidden" name="updateable" value="1"/>
		    <input type="hidden" name="merge" value="***"/>
		     
		   	<input type="hidden" name="callAjax" value="false"/>
		   	
		    
		        <input class="button process"  type="submit" name="Add" value="Add" />
			


		</form>
	<!-- END AddToTrolley.jsp -->
        <div class="numberInTrolley hidden numberInTrolley_124102" id="numberInTrolley_124102">
            
        </div>
    
                                        </div>

                                        <!-- BEGIN CatalogEntryRatingsReviewsInfo.jspf --><!-- productAllowedRatingsAndReviews: true -->
    <div class="reviews">
        
	        <a class="numberOfReviews repressive" href="http://reviews.sainsburys.co.uk//8076-en_gb/7555515-P/writereview.htm?submissionurl=https%3A%2F%2Fwww.sainsburys.co.uk%2Fwebapp%2Fwcs%2Fstores%2Fservlet%2FBVReviewSubmitDisplay%3FcatalogId%3D10158%26storeId%3D10151%26recipe%3D%26langId%3D44%26productId%3D7555515-P&return=https%3A%2F%2Fwww.sainsburys.co.uk%2Fwebapp%2Fwcs%2Fstores%2Fservlet%2Fhttp%3A%2F%2Fwww.sainsburys.co.uk%2Fshop%2FCategoryDisplay%3FpageSize%3D36%26catalogId%3D10158%26level%3D2%26top_category%3D12518%26parent_category_rn%3D12518%26langId%3D44%26categoryId%3D12563%26beginIndex%3D0%26storeId%3D10151" >
	    Write a review
          	</a>
        
    </div>
<!-- END CatalogEntryRatingsReviewsInfo.jspf -->
                                   </div>
                               <!-- Start AddToSubscriptionList.jspf --><!-- Start AddToSubscriptionList.jsp --><!-- End AddToSubscriptionList.jsp --><!-- End AddToSubscriptionList.jspf -->     
                    </div>
                            
                    
    
    <div class="badges">
        <ul>
            
                    
                    
                    
                     <li  class="lastchild" >

                        
                            <a href="/shop/gb/groceries/get-ideas/delivery-and-guides/freshness" >
                                         
                        <img src="/wcsstore7.28.113/SainsburysStorefrontAssetStore/wcassets/icons/typical_life/typical_life_2days.jpg" alt="Typical life 2 days" />
                            
                        
                            </a>    
                        
                    </li>
                
        </ul>   
    </div>

                </div>     
            </div>
            <!--ThumbnailRestriction --><!-- END CatalogEntryThumbnailDisplay.jsp -->
	                            </li>
                                <!-- BEGIN MerchandisingAssociationsDisplay.jsp --><!-- Start - JSP File Name:  MerchandisingAssociationsDisplay.jsp --><!-- END MerchandisingAssociationsDisplay.jsp -->
                                
	                            <li class="gridItem">
		                                   <!-- BEGIN CatalogEntryThumbnailDisplay.jsp -->
            <div class="product "
                >
                
                     
                <div class="productInfo">
                    <div class="productNameAndPromotions">
                        
                                  <h3>
                                    <a href="https://www.sainsburys.co.uk/shop/gb/groceries/berries-cherries-currants/sainsburys-mixed-berry-twin-pack-200g-7696255-p-44" >
                                        Sainsbury's Mixed Berry Twin Pack 200g
                                        <img src="//www.sainsburys.co.uk/wcsstore7.28.113/ExtendedSitesCatalogAssetStore/images/catalog/productImages/35/0000000164535/0000000164535_L.jpeg" alt="" />
                                    </a>
                                </h3>
                              
                    </div> 
                </div>
                
                <div class="errorBanner hidden" id="error643019"></div>
                <div class="addToTrolleytabBox">   
                    <!--addToTrolleytabBox GRID VIEW --><!-- Start UserSubscribedOrNot.jspf --><!-- Start UserSubscribedOrNot.jsp --><!-- 
			If the user is not logged in, render this opening 
			DIV adding an addtional class to fix the border top which is removed 
			and replaced by the tabs
		-->
		<div class="addToTrolleytabContainer addItemBorderTop">
	<!-- End AddToSubscriptionList.jsp --><!-- End AddSubscriptionList.jspf --><!-- 
                    ATTENTION!!!
                    <div class="addToTrolleytabContainer">
                    This opening div is inside "../../ReusableObjects/UserSubscribedOrNot.jsp"
                    -->
                    <div class="pricingAndTrolleyOptions">
                        
                                    <div class="priceTab priceTabContainer activeContainer addItem" id="addItem_643019">
                                       <div class="pricing">
                                           
	<p class="pricePerUnit">
    Â£3.00<abbr title="per">/</abbr><abbr title="unit"><span class="pricePerUnitUnit">unit</span></abbr>
</p>
 
    <p class="pricePerMeasure">Â£15.00<abbr 
            title="per">/</abbr><abbr 
            title="kilogram"><span class="pricePerMeasureMeasure">kg</span></abbr>
    </p>

                                       </div>                                      

                                     
                                        <div class="addToTrolleyForm "> 
                                           <!-- BEGIN AddToTrolley.jsp --><!-- fire an on add to bag here from  -->
		
		<form class="addToTrolleyForm" name="OrderItemAddForm_643019" action="OrderItemAdd" method="post" id="OrderItemAddForm_643019" class="addToTrolleyForm">
		    <input type="hidden" name="storeId" value="10151"/>
		    <input type="hidden" name="langId" value="44"/>
		    <input type="hidden" name="catalogId" value="10123"/>
		    
		    
		    <input type="hidden" name="errorViewName" value="CategoryDisplayView"/>
		    <input type="hidden" name="SKU_ID" value="7696255"/>
		    <input type="hidden" name="itemType" value=""/>
		    
		    
	           <input type="hidden" name="ItemSKU_ID" value="7696255"/>
	        
		        <label class="access" for="quantity_643018">Quantity</label>
		        
					<input name="quantity"  id="quantity_643018" type="text" size="3" value="1" class="quantity"   />
				
                    <input type="hidden" name="catEntryId" value="643019"/>
                

		        <input type="hidden" name="productId" value="643018"/>
		        
		
		    <input type="hidden" name="URL" value="https://www.sainsburys.co.uk/webapp/wcs/stores/servlet/CategoryDisplay?langId=44&amp;storeId=10151&amp;krypto=a4fbIjhxfybI80CD44glFW73Nj%2Bz4ok1m6NR%2BZsiJOs%2FNPEHvw1E0jqVVURQ4szeMYVgEQZ8OaNoDnrOnzsDCzPqFKSr3nrTlATL33VRbl%2FZY5lPgAKcXIltNK3NqTE2pgkNW8B29FSYgoVkcFSM5nfG%2BKnDEUKsK1cZarIsSQw%3D&amp;ddkey=https%3Agb%2Fgroceries%2Ffruit-veg%2Fberries-cherries-currants"/>
		    <input type="hidden" name="page" value=""/>
		    <input type="hidden" name="contractId" value=""/>
		    <input type="hidden" name="calculateOrder" value="1"/>
		    <input type="hidden" name="calculationUsage" value="-1,-2,-3"/>
		    <input type="hidden" name="updateable" value="1"/>
		    <input type="hidden" name="merge" value="***"/>
		     
		   	<input type="hidden" name="callAjax" value="false"/>
		   	
		    
		        <input class="button process"  type="submit" name="Add" value="Add" />
			


		</form>
	<!-- END AddToTrolley.jsp -->
        <div class="numberInTrolley hidden numberInTrolley_643018" id="numberInTrolley_643018">
            
        </div>
    
                                        </div>

                                        <!-- BEGIN CatalogEntryRatingsReviewsInfo.jspf --><!-- productAllowedRatingsAndReviews: true -->
    <div class="reviews">
        
	        <a class="numberOfReviews repressive" href="http://reviews.sainsburys.co.uk//8076-en_gb/7696255-P/writereview.htm?submissionurl=https%3A%2F%2Fwww.sainsburys.co.uk%2Fwebapp%2Fwcs%2Fstores%2Fservlet%2FBVReviewSubmitDisplay%3FcatalogId%3D10158%26storeId%3D10151%26recipe%3D%26langId%3D44%26productId%3D7696255-P&return=https%3A%2F%2Fwww.sainsburys.co.uk%2Fwebapp%2Fwcs%2Fstores%2Fservlet%2Fhttp%3A%2F%2Fwww.sainsburys.co.uk%2Fshop%2FCategoryDisplay%3FpageSize%3D36%26catalogId%3D10158%26level%3D2%26top_category%3D12518%26parent_category_rn%3D12518%26langId%3D44%26categoryId%3D12563%26beginIndex%3D0%26storeId%3D10151" >
	    Write a review
          	</a>
        
    </div>
<!-- END CatalogEntryRatingsReviewsInfo.jspf -->
                                   </div>
                               <!-- Start AddToSubscriptionList.jspf --><!-- Start AddToSubscriptionList.jsp --><!-- End AddToSubscriptionList.jsp --><!-- End AddToSubscriptionList.jspf -->     
                    </div>
                            
                    
                </div>     
            </div>
            <!--ThumbnailRestriction --><!-- END CatalogEntryThumbnailDisplay.jsp -->
	                            </li>
                                <!-- BEGIN MerchandisingAssociationsDisplay.jsp --><!-- Start - JSP File Name:  MerchandisingAssociationsDisplay.jsp --><!-- END MerchandisingAssociationsDisplay.jsp -->
                                
	                            <li class="gridItem">
		                                   <!-- BEGIN CatalogEntryThumbnailDisplay.jsp -->
            <div class="product "
                >
                
                     
                <div class="productInfo">
                    <div class="productNameAndPromotions">
                        
                                  <h3>
                                    <a href="https://www.sainsburys.co.uk/shop/gb/groceries/berries-cherries-currants/sainsburys-redcurrants-150g" >
                                        Sainsbury's Redcurrants 150g
                                        <img src="//www.sainsburys.co.uk/wcsstore7.28.113/ExtendedSitesCatalogAssetStore/images/catalog/productImages/01/0000001836301/0000001836301_L.jpeg" alt="" />
                                    </a>
                                </h3>
                              
                    </div> 
                </div>
                
                <div class="errorBanner hidden" id="error124337"></div>
                <div class="addToTrolleytabBox">   
                    <!--addToTrolleytabBox GRID VIEW --><!-- Start UserSubscribedOrNot.jspf --><!-- Start UserSubscribedOrNot.jsp --><!-- 
			If the user is not logged in, render this opening 
			DIV adding an addtional class to fix the border top which is removed 
			and replaced by the tabs
		-->
		<div class="addToTrolleytabContainer addItemBorderTop">
	<!-- End AddToSubscriptionList.jsp --><!-- End AddSubscriptionList.jspf --><!-- 
                    ATTENTION!!!
                    <div class="addToTrolleytabContainer">
                    This opening div is inside "../../ReusableObjects/UserSubscribedOrNot.jsp"
                    -->
                    <div class="pricingAndTrolleyOptions">
                        
                                    <div class="priceTab priceTabContainer activeContainer addItem" id="addItem_124337">
                                       <div class="pricing">
                                           
	<p class="pricePerUnit">
    Â£2.50<abbr title="per">/</abbr><abbr title="unit"><span class="pricePerUnitUnit">unit</span></abbr>
</p>
 
    <p class="pricePerMeasure">Â£16.67<abbr 
            title="per">/</abbr><abbr 
            title="kilogram"><span class="pricePerMeasureMeasure">kg</span></abbr>
    </p>

                                       </div>                                      

                                     
                                        <div class="addToTrolleyForm "> 
                                           <!-- BEGIN AddToTrolley.jsp --><!-- fire an on add to bag here from  -->
		
		<form class="addToTrolleyForm" name="OrderItemAddForm_124337" action="OrderItemAdd" method="post" id="OrderItemAddForm_124337" class="addToTrolleyForm">
		    <input type="hidden" name="storeId" value="10151"/>
		    <input type="hidden" name="langId" value="44"/>
		    <input type="hidden" name="catalogId" value="10123"/>
		    
		    
		    <input type="hidden" name="errorViewName" value="CategoryDisplayView"/>
		    <input type="hidden" name="SKU_ID" value="7557471"/>
		    <input type="hidden" name="itemType" value=""/>
		    
		    
	           <input type="hidden" name="ItemSKU_ID" value="7557471"/>
	        
		        <label class="access" for="quantity_124336">Quantity</label>
		        
					<input name="quantity"  id="quantity_124336" type="text" size="3" value="1" class="quantity"   />
				
                    <input type="hidden" name="catEntryId" value="124337"/>
                

		        <input type="hidden" name="productId" value="124336"/>
		        
		
		    <input type="hidden" name="URL" value="https://www.sainsburys.co.uk/webapp/wcs/stores/servlet/CategoryDisplay?langId=44&amp;storeId=10151&amp;krypto=a4fbIjhxfybI80CD44glFW73Nj%2Bz4ok1m6NR%2BZsiJOs%2FNPEHvw1E0jqVVURQ4szeMYVgEQZ8OaNoDnrOnzsDCzPqFKSr3nrTlATL33VRbl%2FZY5lPgAKcXIltNK3NqTE2pgkNW8B29FSYgoVkcFSM5nfG%2BKnDEUKsK1cZarIsSQw%3D&amp;ddkey=https%3Agb%2Fgroceries%2Ffruit-veg%2Fberries-cherries-currants"/>
		    <input type="hidden" name="page" value=""/>
		    <input type="hidden" name="contractId" value=""/>
		    <input type="hidden" name="calculateOrder" value="1"/>
		    <input type="hidden" name="calculationUsage" value="-1,-2,-3"/>
		    <input type="hidden" name="updateable" value="1"/>
		    <input type="hidden" name="merge" value="***"/>
		     
		   	<input type="hidden" name="callAjax" value="false"/>
		   	
		    
		        <input class="button process"  type="submit" name="Add" value="Add" />
			


		</form>
	<!-- END AddToTrolley.jsp -->
        <div class="numberInTrolley hidden numberInTrolley_124336" id="numberInTrolley_124336">
            
        </div>
    
                                        </div>

                                        <!-- BEGIN CatalogEntryRatingsReviewsInfo.jspf --><!-- productAllowedRatingsAndReviews: true -->
    <div class="reviews">
        
	        <a class="numberOfReviews repressive" href="http://reviews.sainsburys.co.uk//8076-en_gb/7557471-P/writereview.htm?submissionurl=https%3A%2F%2Fwww.sainsburys.co.uk%2Fwebapp%2Fwcs%2Fstores%2Fservlet%2FBVReviewSubmitDisplay%3FcatalogId%3D10158%26storeId%3D10151%26recipe%3D%26langId%3D44%26productId%3D7557471-P&return=https%3A%2F%2Fwww.sainsburys.co.uk%2Fwebapp%2Fwcs%2Fstores%2Fservlet%2Fhttp%3A%2F%2Fwww.sainsburys.co.uk%2Fshop%2FCategoryDisplay%3FpageSize%3D36%26catalogId%3D10158%26level%3D2%26top_category%3D12518%26parent_category_rn%3D12518%26langId%3D44%26categoryId%3D12563%26beginIndex%3D0%26storeId%3D10151" >
	    Write a review
          	</a>
        
    </div>
<!-- END CatalogEntryRatingsReviewsInfo.jspf -->
                                   </div>
                               <!-- Start AddToSubscriptionList.jspf --><!-- Start AddToSubscriptionList.jsp --><!-- End AddToSubscriptionList.jsp --><!-- End AddToSubscriptionList.jspf -->     
                    </div>
                            
                    
    
    <div class="badges">
        <ul>
            
                    
                    
                    
                     <li  class="lastchild" >

                        
                            <a href="/shop/gb/groceries/get-ideas/delivery-and-guides/freshness" >
                                         
                        <img src="/wcsstore7.28.113/SainsburysStorefrontAssetStore/wcassets/icons/typical_life/typical_life_2days.jpg" alt="Typical life 2 days" />
                            
                        
                            </a>    
                        
                    </li>
                
        </ul>   
    </div>

                </div>     
            </div>
            <!--ThumbnailRestriction --><!-- END CatalogEntryThumbnailDisplay.jsp -->
	                            </li>
                                <!-- BEGIN MerchandisingAssociationsDisplay.jsp --><!-- Start - JSP File Name:  MerchandisingAssociationsDisplay.jsp --><!-- END MerchandisingAssociationsDisplay.jsp -->
                                
	                            <li class="gridItem">
		                                   <!-- BEGIN CatalogEntryThumbnailDisplay.jsp -->
            <div class="product "
                >
                
                     
                <div class="productInfo">
                    <div class="productNameAndPromotions">
                        
                                  <h3>
                                    <a href="https://www.sainsburys.co.uk/shop/ProductDisplay?storeId=10151&productId=1217874&urlRequestType=Base&categoryId=12563&catalogId=10158&langId=44" >
                                        Sainsbury's Extra Large Blueberries 200g
                                        <img src="//www.sainsburys.co.uk/wcsstore7.28.113/SainsburysStorefrontAssetStore/img/thumb-no-image-140.png" alt="" />
                                    </a>
                                </h3>
                              
                    </div> 
                </div>
                
                <div class="errorBanner hidden" id="error1217875"></div>
                <div class="addToTrolleytabBox">   
                    <!--addToTrolleytabBox GRID VIEW --><!-- Start UserSubscribedOrNot.jspf --><!-- Start UserSubscribedOrNot.jsp --><!-- 
			If the user is not logged in, render this opening 
			DIV adding an addtional class to fix the border top which is removed 
			and replaced by the tabs
		-->
		<div class="addToTrolleytabContainer addItemBorderTop">
	<!-- End AddToSubscriptionList.jsp --><!-- End AddSubscriptionList.jspf --><!-- 
                    ATTENTION!!!
                    <div class="addToTrolleytabContainer">
                    This opening div is inside "../../ReusableObjects/UserSubscribedOrNot.jsp"
                    -->
                    <div class="pricingAndTrolleyOptions">
                        
                                    <div class="priceTab priceTabContainer activeContainer addItem" id="addItem_1217875">
                                       <div class="pricing">
                                           
	<p class="pricePerUnit">
    Â£2.50<abbr title="per">/</abbr><abbr title="unit"><span class="pricePerUnitUnit">unit</span></abbr>
</p>
 
    <p class="pricePerMeasure">Â£12.50<abbr 
            title="per">/</abbr><abbr 
            title="kilogram"><span class="pricePerMeasureMeasure">kg</span></abbr>
    </p>

                                       </div>                                      

                                     
                                        <div class="addToTrolleyForm "> 
                                           <!-- BEGIN AddToTrolley.jsp --><!-- fire an on add to bag here from  -->
		
		<form class="addToTrolleyForm" name="OrderItemAddForm_1217875" action="OrderItemAdd" method="post" id="OrderItemAddForm_1217875" class="addToTrolleyForm">
		    <input type="hidden" name="storeId" value="10151"/>
		    <input type="hidden" name="langId" value="44"/>
		    <input type="hidden" name="catalogId" value="10123"/>
		    
		    
		    <input type="hidden" name="errorViewName" value="CategoryDisplayView"/>
		    <input type="hidden" name="SKU_ID" value="7915696"/>
		    <input type="hidden" name="itemType" value=""/>
		    
		    
	           <input type="hidden" name="ItemSKU_ID" value="7915696"/>
	        
		        <label class="access" for="quantity_1217874">Quantity</label>
		        
					<input name="quantity"  id="quantity_1217874" type="text" size="3" value="1" class="quantity"   />
				
                    <input type="hidden" name="catEntryId" value="1217875"/>
                

		        <input type="hidden" name="productId" value="1217874"/>
		        
		
		    <input type="hidden" name="URL" value="https://www.sainsburys.co.uk/webapp/wcs/stores/servlet/CategoryDisplay?langId=44&amp;storeId=10151&amp;krypto=a4fbIjhxfybI80CD44glFW73Nj%2Bz4ok1m6NR%2BZsiJOs%2FNPEHvw1E0jqVVURQ4szeMYVgEQZ8OaNoDnrOnzsDCzPqFKSr3nrTlATL33VRbl%2FZY5lPgAKcXIltNK3NqTE2pgkNW8B29FSYgoVkcFSM5nfG%2BKnDEUKsK1cZarIsSQw%3D&amp;ddkey=https%3Agb%2Fgroceries%2Ffruit-veg%2Fberries-cherries-currants"/>
		    <input type="hidden" name="page" value=""/>
		    <input type="hidden" name="contractId" value=""/>
		    <input type="hidden" name="calculateOrder" value="1"/>
		    <input type="hidden" name="calculationUsage" value="-1,-2,-3"/>
		    <input type="hidden" name="updateable" value="1"/>
		    <input type="hidden" name="merge" value="***"/>
		     
		   	<input type="hidden" name="callAjax" value="false"/>
		   	
		    
		        <input class="button process"  type="submit" name="Add" value="Add" />
			


		</form>
	<!-- END AddToTrolley.jsp -->
        <div class="numberInTrolley hidden numberInTrolley_1217874" id="numberInTrolley_1217874">
            
        </div>
    
                                        </div>

                                        <!-- BEGIN CatalogEntryRatingsReviewsInfo.jspf --><!-- productAllowedRatingsAndReviews: true -->
    <div class="reviews">
        
	        <a class="numberOfReviews repressive" href="http://reviews.sainsburys.co.uk//8076-en_gb/7915696-P/writereview.htm?submissionurl=https%3A%2F%2Fwww.sainsburys.co.uk%2Fwebapp%2Fwcs%2Fstores%2Fservlet%2FBVReviewSubmitDisplay%3FcatalogId%3D10158%26storeId%3D10151%26recipe%3D%26langId%3D44%26productId%3D7915696-P&return=https%3A%2F%2Fwww.sainsburys.co.uk%2Fwebapp%2Fwcs%2Fstores%2Fservlet%2Fhttp%3A%2F%2Fwww.sainsburys.co.uk%2Fshop%2FCategoryDisplay%3FpageSize%3D36%26catalogId%3D10158%26level%3D2%26top_category%3D12518%26parent_category_rn%3D12518%26langId%3D44%26categoryId%3D12563%26beginIndex%3D0%26storeId%3D10151" >
	    Write a review
          	</a>
        
    </div>
<!-- END CatalogEntryRatingsReviewsInfo.jspf -->
                                   </div>
                               <!-- Start AddToSubscriptionList.jspf --><!-- Start AddToSubscriptionList.jsp --><!-- End AddToSubscriptionList.jsp --><!-- End AddToSubscriptionList.jspf -->     
                    </div>
                            
                    
    
    <div class="badges">
        <ul>
            
                    
                    
                    
                     <li  class="lastchild" >

                                         
                        <img src="/wcsstore7.28.113/SainsburysStorefrontAssetStore/wcassets/icons/new_40x40.gif" alt="New" />
                            
                        
                    </li>
                
        </ul>   
    </div>

                </div>     
            </div>
            <!--ThumbnailRestriction --><!-- END CatalogEntryThumbnailDisplay.jsp -->
	                            </li>
                                <!-- BEGIN MerchandisingAssociationsDisplay.jsp --><!-- Start - JSP File Name:  MerchandisingAssociationsDisplay.jsp --><!-- END MerchandisingAssociationsDisplay.jsp -->
                                
	                            <li class="gridItem">
		                                   <!-- BEGIN CatalogEntryThumbnailDisplay.jsp -->
            <div class="product "
                >
                
                     
                <div class="productInfo">
                    <div class="productNameAndPromotions">
                        
                                  <h3>
                                    <a href="https://www.sainsburys.co.uk/shop/ProductDisplay?storeId=10151&productId=1214786&urlRequestType=Base&categoryId=12563&catalogId=10158&langId=44" >
                                        Sainsbury's Cherries 500g
                                        <img src="//www.sainsburys.co.uk/wcsstore7.28.113/ExtendedSitesCatalogAssetStore/images/catalog/productImages/02/0000001507102/0000001507102_L.jpeg" alt="" />
                                    </a>
                                </h3>
                              
                    </div> 
                </div>
                
                <div class="errorBanner hidden" id="error1214787"></div>
                <div class="addToTrolleytabBox">   
                    <!--addToTrolleytabBox GRID VIEW --><!-- Start UserSubscribedOrNot.jspf --><!-- Start UserSubscribedOrNot.jsp --><!-- 
			If the user is not logged in, render this opening 
			DIV adding an addtional class to fix the border top which is removed 
			and replaced by the tabs
		-->
		<div class="addToTrolleytabContainer addItemBorderTop">
	<!-- End AddToSubscriptionList.jsp --><!-- End AddSubscriptionList.jspf --><!-- 
                    ATTENTION!!!
                    <div class="addToTrolleytabContainer">
                    This opening div is inside "../../ReusableObjects/UserSubscribedOrNot.jsp"
                    -->
                    <div class="pricingAndTrolleyOptions">
                        
                                    <div class="priceTab priceTabContainer activeContainer addItem" id="addItem_1214787">
                                       <div class="pricing">
                                           
	<p class="pricePerUnit">
    Â£3.00<abbr title="per">/</abbr><abbr title="unit"><span class="pricePerUnitUnit">unit</span></abbr>
</p>
 
    <p class="pricePerMeasure">Â£6.00<abbr 
            title="per">/</abbr><abbr 
            title="kilogram"><span class="pricePerMeasureMeasure">kg</span></abbr>
    </p>

                                       </div>                                      

                                     
                                        <div class="addToTrolleyForm "> 
                                           <!-- BEGIN AddToTrolley.jsp --><!-- fire an on add to bag here from  -->
		
		<form class="addToTrolleyForm" name="OrderItemAddForm_1214787" action="OrderItemAdd" method="post" id="OrderItemAddForm_1214787" class="addToTrolleyForm">
		    <input type="hidden" name="storeId" value="10151"/>
		    <input type="hidden" name="langId" value="44"/>
		    <input type="hidden" name="catalogId" value="10123"/>
		    
		    
		    <input type="hidden" name="errorViewName" value="CategoryDisplayView"/>
		    <input type="hidden" name="SKU_ID" value="7913636"/>
		    <input type="hidden" name="itemType" value=""/>
		    
		    
	           <input type="hidden" name="ItemSKU_ID" value="7913636"/>
	        
		        <label class="access" for="quantity_1214786">Quantity</label>
		        
					<input name="quantity"  id="quantity_1214786" type="text" size="3" value="1" class="quantity"   />
				
                    <input type="hidden" name="catEntryId" value="1214787"/>
                

		        <input type="hidden" name="productId" value="1214786"/>
		        
		
		    <input type="hidden" name="URL" value="https://www.sainsburys.co.uk/webapp/wcs/stores/servlet/CategoryDisplay?langId=44&amp;storeId=10151&amp;krypto=a4fbIjhxfybI80CD44glFW73Nj%2Bz4ok1m6NR%2BZsiJOs%2FNPEHvw1E0jqVVURQ4szeMYVgEQZ8OaNoDnrOnzsDCzPqFKSr3nrTlATL33VRbl%2FZY5lPgAKcXIltNK3NqTE2pgkNW8B29FSYgoVkcFSM5nfG%2BKnDEUKsK1cZarIsSQw%3D&amp;ddkey=https%3Agb%2Fgroceries%2Ffruit-veg%2Fberries-cherries-currants"/>
		    <input type="hidden" name="page" value=""/>
		    <input type="hidden" name="contractId" value=""/>
		    <input type="hidden" name="calculateOrder" value="1"/>
		    <input type="hidden" name="calculationUsage" value="-1,-2,-3"/>
		    <input type="hidden" name="updateable" value="1"/>
		    <input type="hidden" name="merge" value="***"/>
		     
		   	<input type="hidden" name="callAjax" value="false"/>
		   	
		    
		        <input class="button process"  type="submit" name="Add" value="Add" />
			


		</form>
	<!-- END AddToTrolley.jsp -->
        <div class="numberInTrolley hidden numberInTrolley_1214786" id="numberInTrolley_1214786">
            
        </div>
    
                                        </div>

                                        <!-- BEGIN CatalogEntryRatingsReviewsInfo.jspf --><!-- productAllowedRatingsAndReviews: true -->
    <div class="reviews">
        
	        <a class="numberOfReviews repressive" href="http://reviews.sainsburys.co.uk//8076-en_gb/7913636-P/writereview.htm?submissionurl=https%3A%2F%2Fwww.sainsburys.co.uk%2Fwebapp%2Fwcs%2Fstores%2Fservlet%2FBVReviewSubmitDisplay%3FcatalogId%3D10158%26storeId%3D10151%26recipe%3D%26langId%3D44%26productId%3D7913636-P&return=https%3A%2F%2Fwww.sainsburys.co.uk%2Fwebapp%2Fwcs%2Fstores%2Fservlet%2Fhttp%3A%2F%2Fwww.sainsburys.co.uk%2Fshop%2FCategoryDisplay%3FpageSize%3D36%26catalogId%3D10158%26level%3D2%26top_category%3D12518%26parent_category_rn%3D12518%26langId%3D44%26categoryId%3D12563%26beginIndex%3D0%26storeId%3D10151" >
	    Write a review
          	</a>
        
    </div>
<!-- END CatalogEntryRatingsReviewsInfo.jspf -->
                                   </div>
                               <!-- Start AddToSubscriptionList.jspf --><!-- Start AddToSubscriptionList.jsp --><!-- End AddToSubscriptionList.jsp --><!-- End AddToSubscriptionList.jspf -->     
                    </div>
                            
                    
    
    <div class="badges">
        <ul>
            
                    
                    
                    
                     <li  class="lastchild" >

                                         
                        <img src="/wcsstore7.28.113/SainsburysStorefrontAssetStore/wcassets/icons/new_40x40.gif" alt="New" />
                            
                        
                    </li>
                
        </ul>   
    </div>

                </div>     
            </div>
            <!--ThumbnailRestriction --><!-- END CatalogEntryThumbnailDisplay.jsp -->
	                            </li>
                                <!-- BEGIN MerchandisingAssociationsDisplay.jsp --><!-- Start - JSP File Name:  MerchandisingAssociationsDisplay.jsp --><!-- END MerchandisingAssociationsDisplay.jsp -->
                                
	                            <li class="gridItem">
		                                   <!-- BEGIN CatalogEntryThumbnailDisplay.jsp -->
            <div class="product "
                >
                
                     
                <div class="productInfo">
                    <div class="productNameAndPromotions">
                        
                                  <h3>
                                    <a href="https://www.sainsburys.co.uk/shop/gb/groceries/berries-cherries-currants/sainsburys-british-cherry---strawberry-pack-600g" >
                                        Sainsbury's British Cherry & Strawberry Pack 600g
                                        <img src="//www.sainsburys.co.uk/wcsstore7.28.113/ExtendedSitesCatalogAssetStore/images/catalog/productImages/57/0000000289757/0000000289757_L.jpeg" alt="" />
                                    </a>
                                </h3>
                              
                    </div> 
                </div>
                
                <div class="errorBanner hidden" id="error1147433"></div>
                <div class="addToTrolleytabBox">   
                    <!--addToTrolleytabBox GRID VIEW --><!-- Start UserSubscribedOrNot.jspf --><!-- Start UserSubscribedOrNot.jsp --><!-- 
			If the user is not logged in, render this opening 
			DIV adding an addtional class to fix the border top which is removed 
			and replaced by the tabs
		-->
		<div class="addToTrolleytabContainer addItemBorderTop">
	<!-- End AddToSubscriptionList.jsp --><!-- End AddSubscriptionList.jspf --><!-- 
                    ATTENTION!!!
                    <div class="addToTrolleytabContainer">
                    This opening div is inside "../../ReusableObjects/UserSubscribedOrNot.jsp"
                    -->
                    <div class="pricingAndTrolleyOptions">
                        
                                    <div class="priceTab priceTabContainer activeContainer addItem" id="addItem_1147433">
                                       <div class="pricing">
                                           
	<p class="pricePerUnit">
    Â£4.00<abbr title="per">/</abbr><abbr title="unit"><span class="pricePerUnitUnit">unit</span></abbr>
</p>
 
    <p class="pricePerMeasure">Â£6.67<abbr 
            title="per">/</abbr><abbr 
            title="kilogram"><span class="pricePerMeasureMeasure">kg</span></abbr>
    </p>

                                       </div>                                      

                                     
                                        <div class="addToTrolleyForm "> 
                                           <!-- BEGIN AddToTrolley.jsp --><!-- fire an on add to bag here from  -->
		
		<form class="addToTrolleyForm" name="OrderItemAddForm_1147433" action="OrderItemAdd" method="post" id="OrderItemAddForm_1147433" class="addToTrolleyForm">
		    <input type="hidden" name="storeId" value="10151"/>
		    <input type="hidden" name="langId" value="44"/>
		    <input type="hidden" name="catalogId" value="10123"/>
		    
		    
		    <input type="hidden" name="errorViewName" value="CategoryDisplayView"/>
		    <input type="hidden" name="SKU_ID" value="7867588"/>
		    <input type="hidden" name="itemType" value=""/>
		    
		    
	           <input type="hidden" name="ItemSKU_ID" value="7867588"/>
	        
		        <label class="access" for="quantity_1147432">Quantity</label>
		        
					<input name="quantity"  id="quantity_1147432" type="text" size="3" value="1" class="quantity"   />
				
                    <input type="hidden" name="catEntryId" value="1147433"/>
                

		        <input type="hidden" name="productId" value="1147432"/>
		        
		
		    <input type="hidden" name="URL" value="https://www.sainsburys.co.uk/webapp/wcs/stores/servlet/CategoryDisplay?langId=44&amp;storeId=10151&amp;krypto=a4fbIjhxfybI80CD44glFW73Nj%2Bz4ok1m6NR%2BZsiJOs%2FNPEHvw1E0jqVVURQ4szeMYVgEQZ8OaNoDnrOnzsDCzPqFKSr3nrTlATL33VRbl%2FZY5lPgAKcXIltNK3NqTE2pgkNW8B29FSYgoVkcFSM5nfG%2BKnDEUKsK1cZarIsSQw%3D&amp;ddkey=https%3Agb%2Fgroceries%2Ffruit-veg%2Fberries-cherries-currants"/>
		    <input type="hidden" name="page" value=""/>
		    <input type="hidden" name="contractId" value=""/>
		    <input type="hidden" name="calculateOrder" value="1"/>
		    <input type="hidden" name="calculationUsage" value="-1,-2,-3"/>
		    <input type="hidden" name="updateable" value="1"/>
		    <input type="hidden" name="merge" value="***"/>
		     
		   	<input type="hidden" name="callAjax" value="false"/>
		   	
		    
		        <input class="button process"  type="submit" name="Add" value="Add" />
			


		</form>
	<!-- END AddToTrolley.jsp -->
        <div class="numberInTrolley hidden numberInTrolley_1147432" id="numberInTrolley_1147432">
            
        </div>
    
                                        </div>

                                        <!-- BEGIN CatalogEntryRatingsReviewsInfo.jspf --><!-- productAllowedRatingsAndReviews: true -->
    <div class="reviews">
        
	        <a class="numberOfReviews repressive" href="http://reviews.sainsburys.co.uk//8076-en_gb/7867588-P/writereview.htm?submissionurl=https%3A%2F%2Fwww.sainsburys.co.uk%2Fwebapp%2Fwcs%2Fstores%2Fservlet%2FBVReviewSubmitDisplay%3FcatalogId%3D10158%26storeId%3D10151%26recipe%3D%26langId%3D44%26productId%3D7867588-P&return=https%3A%2F%2Fwww.sainsburys.co.uk%2Fwebapp%2Fwcs%2Fstores%2Fservlet%2Fhttp%3A%2F%2Fwww.sainsburys.co.uk%2Fshop%2FCategoryDisplay%3FpageSize%3D36%26catalogId%3D10158%26level%3D2%26top_category%3D12518%26parent_category_rn%3D12518%26langId%3D44%26categoryId%3D12563%26beginIndex%3D0%26storeId%3D10151" >
	    Write a review
          	</a>
        
    </div>
<!-- END CatalogEntryRatingsReviewsInfo.jspf -->
                                   </div>
                               <!-- Start AddToSubscriptionList.jspf --><!-- Start AddToSubscriptionList.jsp --><!-- End AddToSubscriptionList.jsp --><!-- End AddToSubscriptionList.jspf -->     
                    </div>
                            
                    
                </div>     
            </div>
            <!--ThumbnailRestriction --><!-- END CatalogEntryThumbnailDisplay.jsp -->
	                            </li>
                                
	            </ul>
	            

<h2 class="access">Product pagination</h2>
<div class="pagination paginationBottom">

    
    <ul class="pages">
            <li class="previous">
                
                <span class="access">Go to previous page</span>
                
            </li>

        <li class="current"><span class="access">Current page </span><span>1</span></li>
        
            <li class="next">
        
        <span class="access">Go to next page</span>
        
            </li>
    </ul>

</div>

	                  
            </div>
             <!-- BEGIN HookLogicTileListDisplay.jsp -->
<hr>
<div id="hookLogicBottomTiles">
    
		              <h2 class="hookLogicTitle">Sponsored</h2>
		              <ul class="productLister  gridView">
		                  

	               <li class="gridItem   ">  
	                   <!-- BEGIN CatalogEntryThumbnailDisplay.jsp -->
            <div class="product  hl-product hookLogic  highlighted specialOffer"
                onView-beacon=//b.hlserve.com/beacon?fid=425&hl_qs=HJvCTeH84jS51yBiAULaUQzx1hyCHo%2boaPwpoaALkeM8FO8k%2f3Ky7IPBhHu3b7bimgPI3pzlG1%2b74k56pA8U7Hyydhinbal1Zx6wvyr1MnQ75xkOdufHrFWMQKnwvJRLmmB%2fapR9dO%2fhgehTdBtZ1%2bvVB23zMAKcyI%2fXVVyRLijKxu04s3j4kmM9g6khpkFLsmV8P7YgVSzFMXWM0gMhw4sSjEjfS8zy5txgikVIuKL8suj1KP5TfcKvdOqfOmYXP1GsXV7%2boR1x9gkHTjbVPDt5lWgo7xpe%2frkL%2bkG9TTucp1R8Wg8Y%2fKPu0YQ4BeCTMN6mjeTg3nrYaWZ2qp4CRtd6ADVvgRu%2fv%2fuifgx4xPdLqKkn552cpTKjIskdJ1a%2bGlE0zhv4EdKNxXmCN%2bkKw5%2bi6g0Mc3e52XeDOc7ZYcMRX%2baoqElLsoDv6%2fI%2fMAa1IBXjBEwiS9vXXYRuNQpnrOIaz8fJuQhd8jw9AL7t1uiyCdhOK9KWXj9yh0NbXbPo8VV0T%2bBLePJf2i9RTdrDgMRkqOhAcP9dnEpb6Tl0V76G4wsLHDSJjjQelKyefQtfsCPEFj87acn4kdRYWdOpRFUCdviuahZLHAo3w%2fq8dtRd2CND86mwxktlVeqsp%2ffy1dKB1Docpp5SXmPMuKTBJ%2fBPhsNvtx1SsVHuSlekGv3ccA4P%2f9luIB5oEIoqwrxpjQ7fN%2fE3KkcHC4HimXL8dyRN0HeTMBgQ5JRTdRBrQLb2xl8YoUwRzr%2bBkKN2Ups1D5BpV%2fx1eg7fxisIM1%2f81DtxsgBQYFgVP42%2bRHJIHQOqxyzuYlrFMjmPTFwiu007Fqn7gbWrU6lWsIPY2yFMjPK67NO8Um%2brJ5KByz%2fJMIjHRjvJR1hdLMNLVqPcsMYBRgCp8kDuNAI0kU2aECA%2b3JXRyaQplanrqdj9%2b2wNAvjgr76HR3SX93QdX3NfJknVFeI5kDwHuK0f6uIJ3fh8PA%2bILvRQpwd7wM1jraXmFAP%2fO3A8HpBFJ82Bd6SiSj4wp%2b5CcB64jC3ZR9dBgZkRaLOx8PFGzLu%2bU0vMk7N0K3dWvHvBcXev0lP05P4sobSZpSDqMBMAUlteyW53AZuynXL5HtOOTymuV1KnlBPL0LRTW2trUq4tLvUsV%2bNjPVMunIjidwP%2fiJK5l2Lcgt85htGwZE6KyWNlxOuGaFDeRqvIyJQW8mpxDT2pSvx%2fYgJ9QgN838ZAS%2b%2b4YZEri2EEGt2VezyHOfGxSrEiwR3WzrEZQhBKBsrpHpZGbkkYE1TUk20v3f6UzwjbmPphz9LWcQ%3d%3d&ev=1&action=imp&pageguid=0534c03b-df33-4951-a64e-4a30379af4b7&pid=e67c1536-cd4a-49ad-a53d-4047216d47b7&rn=26298379&hmguid=bedcf899-0c3e-45e3-a33a-349d04620eea"
                >
                
                
<wcbase:useBean id="sdb" classname="com.ibm.commerce.common.beans.StoreDataBean" scope="request" />
     
                <div class="productInfo">
                    <div class="productNameAndPromotions">
                        
                                  <h3>
                                    <a href="//cat.hlserve.com/beacon?fid=425&hl_qs=HJvCTeH84jS51yBiAULaUQzx1hyCHo%2boaPwpoaALkeM8FO8k%2f3Ky7IPBhHu3b7bimgPI3pzlG1%2b74k56pA8U7Hyydhinbal1Zx6wvyr1MnQ75xkOdufHrFWMQKnwvJRLmmB%2fapR9dO%2fhgehTdBtZ1%2bvVB23zMAKcyI%2fXVVyRLijKxu04s3j4kmM9g6khpkFLsmV8P7YgVSzFMXWM0gMhw4sSjEjfS8zy5txgikVIuKLa%2ftivun3Ces%2fIDwlCJiYB1hXyPF2JaIPn6EKXkBbMVcX4otvaA0ELwyWXxP%2fRQAevHXj63t8WiPSeil5KGe0DzjipOwhvQr563rbP9LRojrQo1gra2bRXPZ5zpx5IICOCTmZsHqJcyC2wm09XbvKtOuokpydpxJgv2OxRPzARPrwdJyWI%2b9RmOFPPPayoh5dhFBZFf37%2fqydCG%2b%2fqBtLmyfXQ9N2dUYttRDmb5RmyBNOci9I9seVjolZ7Q8BvZ4Uxo%2bgGTWy64GN%2b5mv81vcFAfhoMSqE3Dcp5iSaJg5sbcDo%2f2GNxpDl%2fKD2n8pgShlwsZcQZDYkRsSuV5%2bJv0kGuuoSGkq2qVss55JeQP6HgdzZKSM%2bFwq6Ovwh81%2fLUdbGj5rLX%2bqaUuybIjFblwdYKzwCmxUNQHpSDYEOEUvrjU6%2bXDZYgawaV2UsLBVU1hUCs0vyDk0W9WvSiCrvMTJDY68Jny0xNBY84nfGFjC%2fnTMLThrODmkjgIbT%2fkbrpLlZ1b3I5gYxW0PJPDL2N5wnC195p%2fuz79KiR4UydVd4MpLfhQwthtCf5DJ2YyQQ3ql6tvKsFKjw3ZWWiroO0%2bfHCqj4j%2bA3PzSdt%2bMph8f269VTDmk51EVAGn94mnkKgDdyCjAL1nV%2bt8KmRDWpiUza7HoB93wAvyEtlaXvlNTSagDPXgMefo6EoGIAbTKdR2kuPu7zW17tGL319YVMGXxq0AI9FWQmpupWuzgc81dS32CNUZ%2bGxEyyovvtgIXGnS35uOrCJtbrE%2fWznR3Vg9ZzH7kIT%2bF%2fftxHVPwudksty1nP34a%2fW%2bJOq2av5GWjmq%2f%2f4JMokNcLWi%2f0DCBNeIjMac8jlYw9lrmUbIjP0FJWOAVbCK9MEMopqcVTlDSnI6KIEVN%2b2TC4YU0lBzIYpYF9YDVylOg9cMD6cR2hQY0dfOomo2Ga4%2fjTvIDaJ8pWRTPIFFp6dJ6hdxnUC5tcUF3P&ev=1&action=click&impressionpid=e67c1536-cd4a-49ad-a53d-4047216d47b7&rn=850070816&hmguid=bedcf899-0c3e-45e3-a33a-349d04620eea&dest=https%3a%2f%2fwww.sainsburys.co.uk%2fshop%2fgb%2fgroceries%2fgarnier-summer-body--light-400ml" >
                                        Garnier Body Summer Body Light Gradual Tan Moisturiser 400ml
                                        <img src="//www.sainsburys.co.uk/wcsstore7.28.113/ExtendedSitesCatalogAssetStore/images/catalog/productImages/48/3600540505248/3600540505248_L.jpeg" alt="" />
                                    </a>
                                </h3>
                              
    <div class="promotion">
                   
		            <p><a href="//cat.hlserve.com/beacon?fid=425&hl_qs=HJvCTeH84jS51yBiAULaUQzx1hyCHo%2boaPwpoaALkeM8FO8k%2f3Ky7IPBhHu3b7bimgPI3pzlG1%2b74k56pA8U7Hyydhinbal1Zx6wvyr1MnQ75xkOdufHrFWMQKnwvJRLmmB%2fapR9dO%2fhgehTdBtZ1%2bvVB23zMAKcyI%2fXVVyRLijKxu04s3j4kmM9g6khpkFLsmV8P7YgVSzFMXWM0gMhw4sSjEjfS8zy5txgikVIuKLa%2ftivun3Ces%2fIDwlCJiYB1hXyPF2JaIPn6EKXkBbMVcX4otvaA0ELwyWXxP%2fRQAevHXj63t8WiPSeil5KGe0DzjipOwhvQr563rbP9LRojrQo1gra2bRXPZ5zpx5IICOCTmZsHqJcyC2wm09XbvKtOuokpydpxJgv2OxRPzARPrwdJyWI%2b9RmOFPPPayoh5dhFBZFf37%2fqydCG%2b%2fqBtLmyfXQ9N2dUYttRDmb5RmyBNOci9I9seVjolZ7Q8BvZ4Uxo%2bgGTWy64GN%2b5mv81vcFAfhoMSqE3Dcp5iSaJg5sbcDo%2f2GNxpDl%2fKD2n8pgShlwsZcQZDYkRsSuV5%2bJv0kGuuoSGkq2qVss55JeQP6HgY7aJwkUdeGEee3KV81zxtwCECw4XllKWweGcFFICsGrz4dd2pS7cC8PEK2p8xL9RV549nLPL%2fbAKHjanLOmUuHG%2fQWmoSpfVSvKxy4xLtw2DANX5%2f4grymmBWVgK8%2blYorC4bR2emVC5M8Abn2GhInoE2f6POWDS6SBW1YmzQpSqRdfRInn4FneiWOP1si62vfcxalTmcEU%2bMS2teLOrHoh%2fRvBGTGH8v23AipjqxYxPYSAQZ88Zf7HCsCCcHHOyCmZpbrp7j9BAtoGFMJY4dCy18VrPzpbfN74r1U%2fkLynElNToNnt4uGqd%2bdWo8Q0Wjr%2fst4n4pQtp2Q9qqThN5K5p05M3ssJb%2fa6NpDzaJIk7r47TGVa43ydhp7bZPKsCqnfsUyQBpEt4%2bQcMdWDdmRArXKsCW3R%2fRcTDhAo4tp9fXlj04J2koabn1rfkLTLADIFPvimpBr%2fp%2bPlmkVqGfo%2fWpbnpuA%2bfpIZQ4fQoZ7f8rH7Umgr4eD3yBokTM62aDqOWwEi%2fRaMmPhLSJV5gdh9R9q61IjBUc6u8LpzAn1wIv2BPInmIj8oraKBdZz%2ba%2bmiB1UHZWJegURw8iynMvLjt9CcYLRKCHwe9r%2birkRl&ev=1&action=click&impressionpid=e67c1536-cd4a-49ad-a53d-4047216d47b7&rn=1789992308&hmguid=bedcf899-0c3e-45e3-a33a-349d04620eea&dest=https%3A%2F%2Fwww.sainsburys.co.uk%2Fshop%2FPromotionDisplayView%3FcatalogId%3D10123%26langId%3D44%26productId%3D856272%26storeId%3D10151%26promotionId%3D10311429"><!-- BEGIN include/PromotionStrapline.jspf -->Only Â£5.00: Save Â£3.00<br/>

<!-- FINISH include/PromotionStrapline.jspf -->
		            </a></p>
		                        
    </div>

                    </div> 
                </div>
                
            <div class="strapline">
                <a href="//cat.hlserve.com/beacon?fid=425&hl_qs=HJvCTeH84jS51yBiAULaUQzx1hyCHo%2boaPwpoaALkeM8FO8k%2f3Ky7IPBhHu3b7bimgPI3pzlG1%2b74k56pA8U7Hyydhinbal1Zx6wvyr1MnQ75xkOdufHrFWMQKnwvJRLmmB%2fapR9dO%2fhgehTdBtZ1%2bvVB23zMAKcyI%2fXVVyRLijKxu04s3j4kmM9g6khpkFLsmV8P7YgVSzFMXWM0gMhw4sSjEjfS8zy5txgikVIuKLa%2ftivun3Ces%2fIDwlCJiYB1hXyPF2JaIPn6EKXkBbMVcX4otvaA0ELwyWXxP%2fRQAevHXj63t8WiPSeil5KGe0DzjipOwhvQr563rbP9LRojrQo1gra2bRXPZ5zpx5IICOCTmZsHqJcyC2wm09XbvKtOuokpydpxJgv2OxRPzARPrwdJyWI%2b9RmOFPPPayoh5dhFBZFf37%2fqydCG%2b%2fqBtLmyfXQ9N2dUYttRDmb5RmyBNOci9I9seVjolZ7Q8BvZ4Uxo%2bgGTWy64GN%2b5mv81vcFAfhoMSqE3Dcp5iSaJg5sbcDo%2f2GNxpDl%2fKD2n8pgShlwsZcQZDYkRsSuV5%2bJv0kGuuoSGkq2qVss55JeQP6HgY7aJwkUdeGEee3KV81zxtwCECw4XllKWweGcFFICsGrz4dd2pS7cC8PEK2p8xL9RV549nLPL%2fbAKHjanLOmUuHG%2fQWmoSpfVSvKxy4xLtw2DANX5%2f4grymmBWVgK8%2blYorC4bR2emVC5M8Abn2GhInoE2f6POWDS6SBW1YmzQpSqRdfRInn4FneiWOP1si62vfcxalTmcEU%2bMS2teLOrHoh%2fRvBGTGH8v23AipjqxYxPYSAQZ88Zf7HCsCCcHHOyCmZpbrp7j9BAtoGFMJY4dCy18VrPzpbfN74r1U%2fkLynElNToNnt4uGqd%2bdWo8Q0Wjr%2fst4n4pQtp2Q9qqThN5K5p05M3ssJb%2fa6NpDzaJIk7r47TGVa43ydhp7bZPKsCqnfsUyQBpEt4%2bQcMdWDdmRArXKsCW3R%2fRcTDhAo4tp9fXlj04J2koabn1rfkLTLADIFPvimpBr%2fp%2bPlmkVqGfo%2fWpbnpuA%2bfpIZQ4fQoZ7f8rH7Umgr4eD3yBokTM62aDqOWwEi%2fRaMmPhLSJV5gdh9R9q61IjBUc6u8LpzAn1wIv2BPInmIj8oraKBdZz%2ba%2bmiB1UHZWJegURw8iynMvLjt9CcYLRKCHwe9r%2birkRl&ev=1&action=click&impressionpid=e67c1536-cd4a-49ad-a53d-4047216d47b7&rn=1789992308&hmguid=bedcf899-0c3e-45e3-a33a-349d04620eea&dest=https%3A%2F%2Fwww.sainsburys.co.uk%2Fshop%2FPromotionDisplayView%3FcatalogId%3D10123%26langId%3D44%26productId%3D856272%26storeId%3D10151%26promotionId%3D10311429"><img src="/wcsstore7.28.113/SainsburysStorefrontAssetStore/wcassets/icons/special/img-special-offer.png" alt="Special Offer" />
                </a>
            </div>
          
                <div class="errorBanner hidden" id="error856273"></div>
                <div class="addToTrolleytabBox">   
                    <!--addToTrolleytabBox GRID VIEW --><!-- Start UserSubscribedOrNot.jspf --><!-- Start UserSubscribedOrNot.jsp --><!-- 
			If the user is not logged in, render this opening 
			DIV adding an addtional class to fix the border top which is removed 
			and replaced by the tabs
		-->
		<div class="addToTrolleytabContainer addItemBorderTop">
	<!-- End AddToSubscriptionList.jsp --><!-- End AddSubscriptionList.jspf --><!-- 
                    ATTENTION!!!
                    <div class="addToTrolleytabContainer">
                    This opening div is inside "../../ReusableObjects/UserSubscribedOrNot.jsp"
                    -->
                    <div class="pricingAndTrolleyOptions">
                        
                                    <div class="priceTab priceTabContainer activeContainer addItem" id="addItem_856273">
                                       <div class="pricing">
                                           
	<p class="pricePerUnit">
    Â£5.00<abbr title="per">/</abbr><abbr title="unit"><span class="pricePerUnitUnit">unit</span></abbr>
</p>
 
    <p class="pricePerMeasure">Â£1.25<abbr 
            title="per">/</abbr>100<abbr 
            title="millilitre"><span class="pricePerMeasureMeasure">ml</span></abbr>
    </p>

                                       </div>                                      

                                     
                                        <div class="addToTrolleyForm "> 
                                           <!-- BEGIN AddToTrolley.jsp --><!-- fire an on add to bag here from true -->
		
		<form class="addToTrolleyForm" name="OrderItemAddForm_856273" action="OrderItemAdd" method="post" id="OrderItemAddForm_856273" class="addToTrolleyForm">
		    <input type="hidden" name="storeId" value="10151"/>
		    <input type="hidden" name="langId" value="44"/>
		    <input type="hidden" name="catalogId" value="10123"/>
		    
		    
                <input type="hidden" name="hookLogicOnClickUrl" value="//cat.hlserve.com/beacon?fid=425&hl_qs=HJvCTeH84jS51yBiAULaUQzx1hyCHo%2boaPwpoaALkeM8FO8k%2f3Ky7IPBhHu3b7bimgPI3pzlG1%2b74k56pA8U7Hyydhinbal1Zx6wvyr1MnQ75xkOdufHrFWMQKnwvJRLmmB%2fapR9dO%2fhgehTdBtZ1%2bvVB23zMAKcyI%2fXVVyRLijKxu04s3j4kmM9g6khpkFLsmV8P7YgVSzFMXWM0gMhw4sSjEjfS8zy5txgikVIuKLa%2ftivun3Ces%2fIDwlCJiYB1hXyPF2JaIPn6EKXkBbMVcX4otvaA0ELwyWXxP%2fRQAevHXj63t8WiPSeil5KGe0DzjipOwhvQr563rbP9LRojrQo1gra2bRXPZ5zpx5IICOCTmZsHqJcyC2wm09XbvKtOuokpydpxJgv2OxRPzARPrwdJyWI%2b9RmOFPPPayoh5dhFBZFf37%2fqydCG%2b%2fqBtLmyfXQ9N2dUYttRDmb5RmyBNOci9I9seVjolZ7Q8BvZ4Uxo%2bgGTWy64GN%2b5mv81vcFAfhoMSqE3Dcp5iSaJg5sbcDo%2f2GNxpDl%2fKD2n8pgShlwsZcQZDYkRsSuV5%2bJv0kGuuoSGkq2qVss55JeQP6HgY7aJwkUdeGEee3KV81zxtwCECw4XllKWweGcFFICsGrz4dd2pS7cC8PEK2p8xL9RV549nLPL%2fbAKHjanLOmUuHG%2fQWmoSpfVSvKxy4xLtw2DANX5%2f4grymmBWVgK8%2blYorC4bR2emVC5M8Abn2GhInoE2f6POWDS6SBW1YmzQpSqRdfRInn4FneiWOP1si62vfcxalTmcEU%2bMS2teLOrHoh%2fRvBGTGH8v23AipjqxYxPYSAQZ88Zf7HCsCCcHHOyCmZpbrp7j9BAtoGFMJY4dCy18VrPzpbfN74r1U%2fkLynElNToNnt4uGqd%2bdWo8Q0Wjr%2fst4n4pQtp2Q9qqThN5K5p05M3ssJb%2fa6NpDzaJIk7r47TGVa43ydhp7bZPKsCqnfsUyQBpEt4%2bQcMdWDdmRArXKsCW3R%2fRcTDhAo4tp9fXlj04J2koabn1rfkLTLADIFPvimpBr%2fp%2bPlmkVqGfo%2fWpbnpuA%2bfpIZQ4fQoZ7f8rH7Umgr4eD3yBokTM62aDqOWwEi%2fRaMmPhLSJV5gdh9R9q61IjBUc6u8LpzAn1wIv2BPInmIj8oraKBdZz%2ba%2bmiB1UHZWJegURw8iynMvLjt9CcYLRKCHwe9r%2birkRl&ev=1&action=click&impressionpid=e67c1536-cd4a-49ad-a53d-4047216d47b7&rn=1789992308&hmguid=bedcf899-0c3e-45e3-a33a-349d04620eea"/>
            
		    <input type="hidden" name="errorViewName" value="CategoryDisplayView"/>
		    <input type="hidden" name="SKU_ID" value="6379651"/>
		    <input type="hidden" name="itemType" value=""/>
		    
		    
	           <input type="hidden" name="ItemSKU_ID" value="6379651"/>
	        
		        <label class="access" for="quantity_856272">Quantity</label>
		        
					<input name="quantity"  id="quantity_856272" type="text" size="3" value="1" class="quantity"   />
				
                    <input type="hidden" name="catEntryId" value="856273"/>
                

		        <input type="hidden" name="productId" value="856272"/>
		        
		
		    <input type="hidden" name="URL" value="https://www.sainsburys.co.uk/webapp/wcs/stores/servlet/CategoryDisplay?langId=44&amp;storeId=10151&amp;krypto=a4fbIjhxfybI80CD44glFW73Nj%2Bz4ok1m6NR%2BZsiJOs%2FNPEHvw1E0jqVVURQ4szeMYVgEQZ8OaNoDnrOnzsDCzPqFKSr3nrTlATL33VRbl%2FZY5lPgAKcXIltNK3NqTE2pgkNW8B29FSYgoVkcFSM5nfG%2BKnDEUKsK1cZarIsSQw%3D&amp;ddkey=https%3Agb%2Fgroceries%2Ffruit-veg%2Fberries-cherries-currants"/>
		    <input type="hidden" name="page" value=""/>
		    <input type="hidden" name="contractId" value=""/>
		    <input type="hidden" name="calculateOrder" value="1"/>
		    <input type="hidden" name="calculationUsage" value="-1,-2,-3"/>
		    <input type="hidden" name="updateable" value="1"/>
		    <input type="hidden" name="merge" value="***"/>
		     
		   	<input type="hidden" name="callAjax" value="false"/>
		   	
		    
		        <input class="button process"  type="submit" name="Add" value="Add" />
			


		</form>
	<!-- END AddToTrolley.jsp -->
        <div class="numberInTrolley hidden numberInTrolley_856272" id="numberInTrolley_856272">
            
        </div>
    
                                        </div>

                                        <!-- BEGIN CatalogEntryRatingsReviewsInfo.jspf --><!-- productAllowedRatingsAndReviews: true -->
    <div class="reviews">
        
            <a class="numberOfReviews" href="//cat.hlserve.com/beacon?fid=425&hl_qs=HJvCTeH84jS51yBiAULaUQzx1hyCHo%2boaPwpoaALkeM8FO8k%2f3Ky7IPBhHu3b7bimgPI3pzlG1%2b74k56pA8U7Hyydhinbal1Zx6wvyr1MnQ75xkOdufHrFWMQKnwvJRLmmB%2fapR9dO%2fhgehTdBtZ1%2bvVB23zMAKcyI%2fXVVyRLijKxu04s3j4kmM9g6khpkFLsmV8P7YgVSzFMXWM0gMhw4sSjEjfS8zy5txgikVIuKLa%2ftivun3Ces%2fIDwlCJiYB1hXyPF2JaIPn6EKXkBbMVcX4otvaA0ELwyWXxP%2fRQAevHXj63t8WiPSeil5KGe0DzjipOwhvQr563rbP9LRojrQo1gra2bRXPZ5zpx5IICOCTmZsHqJcyC2wm09XbvKtOuokpydpxJgv2OxRPzARPrwdJyWI%2b9RmOFPPPayoh5dhFBZFf37%2fqydCG%2b%2fqBtLmyfXQ9N2dUYttRDmb5RmyBNOci9I9seVjolZ7Q8BvZ4Uxo%2bgGTWy64GN%2b5mv81vcFAfhoMSqE3Dcp5iSaJg5sbcDo%2f2GNxpDl%2fKD2n8pgShlwsZcQZDYkRsSuV5%2bJv0kGuuoSGkq2qVss55JeQP6HgdzZKSM%2bFwq6Ovwh81%2fLUdbGj5rLX%2bqaUuybIjFblwdYKzwCmxUNQHpSDYEOEUvrjU6%2bXDZYgawaV2UsLBVU1hUCs0vyDk0W9WvSiCrvMTJDY68Jny0xNBY84nfGFjC%2fnTMLThrODmkjgIbT%2fkbrpLlZ1b3I5gYxW0PJPDL2N5wnC195p%2fuz79KiR4UydVd4MpLfhQwthtCf5DJ2YyQQ3ql6tvKsFKjw3ZWWiroO0%2bfHCqj4j%2bA3PzSdt%2bMph8f269VTDmk51EVAGn94mnkKgDdyCjAL1nV%2bt8KmRDWpiUza7HoB93wAvyEtlaXvlNTSagDPXgMefo6EoGIAbTKdR2kuPu7zW17tGL319YVMGXxq0AI9FWQmpupWuzgc81dS32CNUZ%2bGxEyyovvtgIXGnS35uOrCJtbrE%2fWznR3Vg9ZzH7kIT%2bF%2fftxHVPwudksty1nP34a%2fW%2bJOq2av5GWjmq%2f%2f4JMokNcLWi%2f0DCBNeIjMac8jlYw9lrmUbIjP0FJWOAVbCK9MEMopqcVTlDSnI6KIEVN%2b2TC4YU0lBzIYpYF9YDVylOg9cMD6cR2hQY0dfOomo2Ga4%2fjTvIDaJ8pWRTPIFFp6dJ6hdxnUC5tcUF3P&ev=1&action=click&impressionpid=e67c1536-cd4a-49ad-a53d-4047216d47b7&rn=850070816&hmguid=bedcf899-0c3e-45e3-a33a-349d04620eea&dest=https%3a%2f%2fwww.sainsburys.co.uk%2fshop%2fgb%2fgroceries%2fgarnier-summer-body--light-400ml#reviews" >
                <img src="//www.sainsburys.co.uk/wcsstore7.28.113/SainsburysStorefrontAssetStore/img/stars/rating-5_0.gif" alt="5.0" border="0"/>&nbsp; 
                Reviews (1)
            </a>
        
    </div>
<!-- END CatalogEntryRatingsReviewsInfo.jspf -->
                                   </div>
                               <!-- Start AddToSubscriptionList.jspf --><!-- Start AddToSubscriptionList.jsp --><!-- End AddToSubscriptionList.jsp --><!-- End AddToSubscriptionList.jspf -->     
                    </div>
                            
                    
                </div>     
            </div>
            <!--ThumbnailRestriction --><!-- END CatalogEntryThumbnailDisplay.jsp -->
	              </li>
	              

	               <li class="gridItem   ">  
	                   <!-- BEGIN CatalogEntryThumbnailDisplay.jsp -->
            <div class="product  hl-product hookLogic  highlighted specialOffer"
                onView-beacon=//b.hlserve.com/beacon?fid=425&hl_qs=HJvCTeH84jS51yBiAULaUQzx1hyCHo%2boaPwpoaALkeOXDDipS5WJ25VIvJb6ADhy5u4Ci8Mghx848rAiQIWAlDBNdfnapBs1%2fOZpHxXMeLhnyzpKQ4FG8YZHEdxTkQ1AIbppltOB1kddHWH%2bLjHFDZS5tgXxZy3vUfn8taMQSSPvr9UlB8rZCwz6bq8v0ygDD9SUKlhvyoVB1jsYUpV2gvwj14qx%2bGK6rul%2bf8MqtG0LbtaS5YemubZtxxGNcMtTUFDg5Na%2fV5Yeq0nY7DqvzdpWv9pasmClXiTb6IEtA82xLfjqFm8Yf4ioMeKGi0FNwH7xdnyg%2fnxRTX2whrVW4frg%2fNAahPhEfOE6oP6bGYE44wl0Bbe3jv6XAb4v%2fWDbVnYULgwdAJV%2fQPsdmaTVXG%2f%2bumnWrLBb9hNX29C9a25PuSwQ9%2bqiehJUaLObRh82B0qsSukuiNQ3PFhDsgSL0TA4yPW1bFdk8MOZHaopoJ1A%2bl%2fv6Y9M8ePQbORX0QEhvdcgwKB%2bEQpXfwwGizHDy2j5UqHV4kImOPfyQu7l%2fM6IHwf5mHmoxvnX%2frR2x09GCEI5mbRDXjXmbPeGFaxZS7wP8%2bzJQfIN7QqJrQLcdOhp3fgerHYBvrXoFxYibCFO5YkU79M5sv%2bO6tnBlAE4p7j8ALsFI0ohFgU%2f6Beu8VlUEJLaEqUMDZtR2ou549A4VB%2fISWdYjD5J3744wfWT%2fCVTd4qYrgTLdnKX%2bVrVnpLcgkIpmmVups0W3%2bkrSW%2f%2bXf%2baDb382%2bii7cDx9R11BCG4wlpzBUJOzIG4m8tc7G1cvScZtx5owHA%2fzneni3irU1JVsccS5r6ZMfT7etPzfo1sjqOECLYNx%2fol%2bKt%2bw37cH0mvZm1tRKGgVp%2ff%2fLDb%2fJdC4wTCtYooTbewATjumU7kS9qvVEvHuDdRh7PTFFcD52j4ogAE2C4vyf6x4w5R3rtIar0NCqc6GzkIB%2bBOcBCTSuOaYht06TOmfgXFTNS9x%2fFst6PLbl15SqT1dCpUHNtvzRdcCh2l1AUxpCjQuOUCQXZSfc2Tit5j1lnaemYuwHUVVSyeYsygviLSIMb0Z1YAmu%2b%2fztXPln8MMb5BLAABKwBuy8aXwGMjwBenLDVn86%2b8%2bpQkYQXQvMjMCOZAIQ9bBe3zVoXxx1m0B1muybWQXjhjSrhM%2bxGEn7McJhnk%2bi2qIyk7DTpTqDm%2bMEPgeRoZrX%2bDvxddo%2bhwAguFwFJrZ4GVGe1llb1%2b70DeGoS4l8yLkSMgklEPs3Q1xFB10lKLanu8Y%2bv8doQv3rXpdw%3d%3d&ev=1&action=imp&pageguid=0534c03b-df33-4951-a64e-4a30379af4b7&pid=b6d6dbf3-a5e4-4d2d-a678-af482c15881f&rn=1510562282&hmguid=bedcf899-0c3e-45e3-a33a-349d04620eea"
                >
                
                
<wcbase:useBean id="sdb" classname="com.ibm.commerce.common.beans.StoreDataBean" scope="request" />
     
                <div class="productInfo">
                    <div class="productNameAndPromotions">
                        
                                  <h3>
                                    <a href="//cat.hlserve.com/beacon?fid=425&hl_qs=HJvCTeH84jS51yBiAULaUQzx1hyCHo%2boaPwpoaALkeOXDDipS5WJ25VIvJb6ADhy5u4Ci8Mghx848rAiQIWAlDBNdfnapBs1%2fOZpHxXMeLhnyzpKQ4FG8YZHEdxTkQ1AIbppltOB1kddHWH%2bLjHFDZS5tgXxZy3vUfn8taMQSSPvr9UlB8rZCwz6bq8v0ygDD9SUKlhvyoVB1jsYUpV2gh5ZRocckUM%2fuWnKox%2fq%2bq8AtmyoGJrwfeQqJmySurJrLWQ4R57Fow1L2%2bfBaGwOL6i0b8hNZMjAh4GDYtS7O%2b7mXkJDHwjKKiH6HzPbkkgfNrapoM59FyDUI8EAmmvubgd%2bdLi9FhEGVgMrOOBvL9yWpXn5Ty4eCyCnX7VYRJ2Az2KqZVWvPh%2b5DJ%2fhMjRy4XXE%2fRsnTAzNo8ogN0V1LAz27x4Dk6u4Yt9CXB%2b6hzVKrt9mIHsOLHcOTy6lAKRgRZQdRtpImSHSdmaXPn6LN2nSeE7aXmkrzcKXbBzSOXx%2fzWVqB0yPPbyeqlBDvxoY7u7NDI6Z32Vbkt%2bLpbq6zYUYnPJZtzw%2fobORAMu7UT4g80oU5O3XQQI4Mp%2fGoQpuvt9C4ooPix0q0iuCEFq1wGrbxV8M4xxMY9XlC2JGd1XHUDBP6kKeGNjx1Ypo9E%2bk1vwEWjnGQpDdC%2fUWnVE1uLe0TxtRD6JXYYnFbk5qDb5SS%2fjpqVpsnEVt0WczZN0xTA%2f9MEKpST4YcY0eifCXuLKaWQia6U5DDlDy2vW993TdvQbhPBUOMlmmXCPdq4614N%2fxvMEuH13M35lm8JlA13CWcZTIImx5hEbNSw2c1YEQXLqcUz%2bLtCmdGfvdj7H39tmVkmMzobw6dT2pj98QMTPFSjAnWN5y2vuIX%2bzLXirFkTAgVbbij5x%2bzPyBUUVNQ9%2fSxwc0qbQQDGXzEml9XglzuJcrGdIt%2fzWhsRVy3JLRScYjWQa94KzDqyEbDBQ%2beofaYsUlGQ5057LwGtmYa4J5a9ftnVJcV43Hwy0rdXt4AlzwX5snPjQMiLtIFN8ZWG1Jee09O8aDizQBpfUeiQ%2fWnPvvcMWnXbIXeuXq2FN37bEDUAFJQjhssbz6unnEVahCk7jCPOyhG1Ht34wbBpd5hnO2IPTKjKKKwHNLl8rR%2bvvKE3gsIz7g5Rugc9g%2bZHpoNxldXXyPgRGVvkphOoOrrbCswH2RsKg1WiconVPA&ev=1&action=click&impressionpid=b6d6dbf3-a5e4-4d2d-a678-af482c15881f&rn=1033043507&hmguid=bedcf899-0c3e-45e3-a33a-349d04620eea&dest=https%3a%2f%2fwww.sainsburys.co.uk%2fshop%2fgb%2fgroceries%2foral-b-vitality-plus-toothbrush" >
                                        Oral-B Vitality Plus Cross Action Electric Rechargeable Toothbrush
                                        <img src="//www.sainsburys.co.uk/wcsstore7.28.113/ExtendedSitesCatalogAssetStore/images/catalog/productImages/59/4210201123859/4210201123859_L.jpeg" alt="" />
                                    </a>
                                </h3>
                              
    <div class="promotion">
                   
		            <p><a href="//cat.hlserve.com/beacon?fid=425&hl_qs=HJvCTeH84jS51yBiAULaUQzx1hyCHo%2boaPwpoaALkeOXDDipS5WJ25VIvJb6ADhy5u4Ci8Mghx848rAiQIWAlDBNdfnapBs1%2fOZpHxXMeLhnyzpKQ4FG8YZHEdxTkQ1AIbppltOB1kddHWH%2bLjHFDZS5tgXxZy3vUfn8taMQSSPvr9UlB8rZCwz6bq8v0ygDD9SUKlhvyoVB1jsYUpV2gh5ZRocckUM%2fuWnKox%2fq%2bq8AtmyoGJrwfeQqJmySurJrLWQ4R57Fow1L2%2bfBaGwOL6i0b8hNZMjAh4GDYtS7O%2b7mXkJDHwjKKiH6HzPbkkgfNrapoM59FyDUI8EAmmvubgd%2bdLi9FhEGVgMrOOBvL9yWpXn5Ty4eCyCnX7VYRJ2Az2KqZVWvPh%2b5DJ%2fhMjRy4XXE%2fRsnTAzNo8ogN0V1LAz27x4Dk6u4Yt9CXB%2b6hzVKrt9mIHsOLHcOTy6lAKRgRZQdRtpImSHSdmaXPn6LN2nSeE7aXmkrzcKXbBzSOXx%2fzWVqB0yPPbyeqlBDvxoY7u7NDI6Z32Vbkt%2bLpbq6zYUYnPJZtzw%2fobORAMu7UT4g80oU5O3XQQI4Mp%2fGoQpuvthjlQ%2bg56oKcPPrs8aZZnWAs6XZZqOFantjlSiDkne1iYFhMCAapDHHXC%2fOouNpAn2mUzwDvLwIALz6PlGXOK6AdUlrgJqNuXTB84dSj6JDpG0fvp523OUG%2fRcCkHYsAlPH7XYq7ezbh%2b8mrq5ndT4Zc2JXdICICuMjSoXrGHlMvH%2bIf%2f6IB7VDvhv%2bwObRhf7M88Ah2YlJQ%2bQb96q8uhW9FvAflayUoZa%2bf6p1405TUol8GKMXRBRBhrDFz0t%2bKSOO8hT9E%2b%2bsZecBGG%2bWF9dVlXJayeir5v84sVIbm8sA3yxCSkyAmA7HfBBP4WZ9hVsoToOH2oT4WCWKM29iTE8jE2RHEPxZYbAw0UPNIFdDkkgu5k4KGxXW%2bYsA3OS7BrukIc3Ox%2fDERsCTKumhoovT%2fESmxaX7QPM8t8opg%2biUZ%2fvRjRrETT%2bdHXLQa%2fm8%2bLuWIxssluet%2fNqHz1Se0tED%2ftzCBjt%2bTlM5yd9m6ZMYapqGUZUEQQmBX38Az3RC0P0ZvBl7s4454JAp3%2bxTaa%2fB%2bZWnK19aw3xJ%2bhFYoO2QpkrN%2buZ1WecOOO%2f3fRpl%2biPyUde8IlBkm3tygPj2zI4qlJod8Fy1LKCpq1c8H59V&ev=1&action=click&impressionpid=b6d6dbf3-a5e4-4d2d-a678-af482c15881f&rn=1415664977&hmguid=bedcf899-0c3e-45e3-a33a-349d04620eea&dest=https%3A%2F%2Fwww.sainsburys.co.uk%2Fshop%2FPromotionDisplayView%3FcatalogId%3D10123%26langId%3D44%26productId%3D958336%26storeId%3D10151%26promotionId%3D10310250"><!-- BEGIN include/PromotionStrapline.jspf -->Only Â£20.00: Save Â£10.00<br/>

<!-- FINISH include/PromotionStrapline.jspf -->
		            </a></p>
		                        
    </div>

                    </div> 
                </div>
                
            <div class="strapline">
                <a href="//cat.hlserve.com/beacon?fid=425&hl_qs=HJvCTeH84jS51yBiAULaUQzx1hyCHo%2boaPwpoaALkeOXDDipS5WJ25VIvJb6ADhy5u4Ci8Mghx848rAiQIWAlDBNdfnapBs1%2fOZpHxXMeLhnyzpKQ4FG8YZHEdxTkQ1AIbppltOB1kddHWH%2bLjHFDZS5tgXxZy3vUfn8taMQSSPvr9UlB8rZCwz6bq8v0ygDD9SUKlhvyoVB1jsYUpV2gh5ZRocckUM%2fuWnKox%2fq%2bq8AtmyoGJrwfeQqJmySurJrLWQ4R57Fow1L2%2bfBaGwOL6i0b8hNZMjAh4GDYtS7O%2b7mXkJDHwjKKiH6HzPbkkgfNrapoM59FyDUI8EAmmvubgd%2bdLi9FhEGVgMrOOBvL9yWpXn5Ty4eCyCnX7VYRJ2Az2KqZVWvPh%2b5DJ%2fhMjRy4XXE%2fRsnTAzNo8ogN0V1LAz27x4Dk6u4Yt9CXB%2b6hzVKrt9mIHsOLHcOTy6lAKRgRZQdRtpImSHSdmaXPn6LN2nSeE7aXmkrzcKXbBzSOXx%2fzWVqB0yPPbyeqlBDvxoY7u7NDI6Z32Vbkt%2bLpbq6zYUYnPJZtzw%2fobORAMu7UT4g80oU5O3XQQI4Mp%2fGoQpuvthjlQ%2bg56oKcPPrs8aZZnWAs6XZZqOFantjlSiDkne1iYFhMCAapDHHXC%2fOouNpAn2mUzwDvLwIALz6PlGXOK6AdUlrgJqNuXTB84dSj6JDpG0fvp523OUG%2fRcCkHYsAlPH7XYq7ezbh%2b8mrq5ndT4Zc2JXdICICuMjSoXrGHlMvH%2bIf%2f6IB7VDvhv%2bwObRhf7M88Ah2YlJQ%2bQb96q8uhW9FvAflayUoZa%2bf6p1405TUol8GKMXRBRBhrDFz0t%2bKSOO8hT9E%2b%2bsZecBGG%2bWF9dVlXJayeir5v84sVIbm8sA3yxCSkyAmA7HfBBP4WZ9hVsoToOH2oT4WCWKM29iTE8jE2RHEPxZYbAw0UPNIFdDkkgu5k4KGxXW%2bYsA3OS7BrukIc3Ox%2fDERsCTKumhoovT%2fESmxaX7QPM8t8opg%2biUZ%2fvRjRrETT%2bdHXLQa%2fm8%2bLuWIxssluet%2fNqHz1Se0tED%2ftzCBjt%2bTlM5yd9m6ZMYapqGUZUEQQmBX38Az3RC0P0ZvBl7s4454JAp3%2bxTaa%2fB%2bZWnK19aw3xJ%2bhFYoO2QpkrN%2buZ1WecOOO%2f3fRpl%2biPyUde8IlBkm3tygPj2zI4qlJod8Fy1LKCpq1c8H59V&ev=1&action=click&impressionpid=b6d6dbf3-a5e4-4d2d-a678-af482c15881f&rn=1415664977&hmguid=bedcf899-0c3e-45e3-a33a-349d04620eea&dest=https%3A%2F%2Fwww.sainsburys.co.uk%2Fshop%2FPromotionDisplayView%3FcatalogId%3D10123%26langId%3D44%26productId%3D958336%26storeId%3D10151%26promotionId%3D10310250"><img src="/wcsstore7.28.113/SainsburysStorefrontAssetStore/wcassets/icons/special/img-special-offer.png" alt="Special Offer" />
                </a>
            </div>
          
                <div class="errorBanner hidden" id="error958337"></div>
                <div class="addToTrolleytabBox">   
                    <!--addToTrolleytabBox GRID VIEW --><!-- Start UserSubscribedOrNot.jspf --><!-- Start UserSubscribedOrNot.jsp --><!-- 
			If the user is not logged in, render this opening 
			DIV adding an addtional class to fix the border top which is removed 
			and replaced by the tabs
		-->
		<div class="addToTrolleytabContainer addItemBorderTop">
	<!-- End AddToSubscriptionList.jsp --><!-- End AddSubscriptionList.jspf --><!-- 
                    ATTENTION!!!
                    <div class="addToTrolleytabContainer">
                    This opening div is inside "../../ReusableObjects/UserSubscribedOrNot.jsp"
                    -->
                    <div class="pricingAndTrolleyOptions">
                        
                                    <div class="priceTab priceTabContainer activeContainer addItem" id="addItem_958337">
                                       <div class="pricing">
                                           
	<p class="pricePerUnit">
    Â£20.00<abbr title="per">/</abbr><abbr title="unit"><span class="pricePerUnitUnit">unit</span></abbr>
</p>
 
    <p class="pricePerMeasure">Â£20.00<abbr 
            title="per">/</abbr><abbr 
            title="each"><span class="pricePerMeasureMeasure">ea</span></abbr>
    </p>

                                       </div>                                      

                                     
                                        <div class="addToTrolleyForm "> 
                                           <!-- BEGIN AddToTrolley.jsp --><!-- fire an on add to bag here from true -->
		
		<form class="addToTrolleyForm" name="OrderItemAddForm_958337" action="OrderItemAdd" method="post" id="OrderItemAddForm_958337" class="addToTrolleyForm">
		    <input type="hidden" name="storeId" value="10151"/>
		    <input type="hidden" name="langId" value="44"/>
		    <input type="hidden" name="catalogId" value="10123"/>
		    
		    
                <input type="hidden" name="hookLogicOnClickUrl" value="//cat.hlserve.com/beacon?fid=425&hl_qs=HJvCTeH84jS51yBiAULaUQzx1hyCHo%2boaPwpoaALkeOXDDipS5WJ25VIvJb6ADhy5u4Ci8Mghx848rAiQIWAlDBNdfnapBs1%2fOZpHxXMeLhnyzpKQ4FG8YZHEdxTkQ1AIbppltOB1kddHWH%2bLjHFDZS5tgXxZy3vUfn8taMQSSPvr9UlB8rZCwz6bq8v0ygDD9SUKlhvyoVB1jsYUpV2gh5ZRocckUM%2fuWnKox%2fq%2bq8AtmyoGJrwfeQqJmySurJrLWQ4R57Fow1L2%2bfBaGwOL6i0b8hNZMjAh4GDYtS7O%2b7mXkJDHwjKKiH6HzPbkkgfNrapoM59FyDUI8EAmmvubgd%2bdLi9FhEGVgMrOOBvL9yWpXn5Ty4eCyCnX7VYRJ2Az2KqZVWvPh%2b5DJ%2fhMjRy4XXE%2fRsnTAzNo8ogN0V1LAz27x4Dk6u4Yt9CXB%2b6hzVKrt9mIHsOLHcOTy6lAKRgRZQdRtpImSHSdmaXPn6LN2nSeE7aXmkrzcKXbBzSOXx%2fzWVqB0yPPbyeqlBDvxoY7u7NDI6Z32Vbkt%2bLpbq6zYUYnPJZtzw%2fobORAMu7UT4g80oU5O3XQQI4Mp%2fGoQpuvthjlQ%2bg56oKcPPrs8aZZnWAs6XZZqOFantjlSiDkne1iYFhMCAapDHHXC%2fOouNpAn2mUzwDvLwIALz6PlGXOK6AdUlrgJqNuXTB84dSj6JDpG0fvp523OUG%2fRcCkHYsAlPH7XYq7ezbh%2b8mrq5ndT4Zc2JXdICICuMjSoXrGHlMvH%2bIf%2f6IB7VDvhv%2bwObRhf7M88Ah2YlJQ%2bQb96q8uhW9FvAflayUoZa%2bf6p1405TUol8GKMXRBRBhrDFz0t%2bKSOO8hT9E%2b%2bsZecBGG%2bWF9dVlXJayeir5v84sVIbm8sA3yxCSkyAmA7HfBBP4WZ9hVsoToOH2oT4WCWKM29iTE8jE2RHEPxZYbAw0UPNIFdDkkgu5k4KGxXW%2bYsA3OS7BrukIc3Ox%2fDERsCTKumhoovT%2fESmxaX7QPM8t8opg%2biUZ%2fvRjRrETT%2bdHXLQa%2fm8%2bLuWIxssluet%2fNqHz1Se0tED%2ftzCBjt%2bTlM5yd9m6ZMYapqGUZUEQQmBX38Az3RC0P0ZvBl7s4454JAp3%2bxTaa%2fB%2bZWnK19aw3xJ%2bhFYoO2QpkrN%2buZ1WecOOO%2f3fRpl%2biPyUde8IlBkm3tygPj2zI4qlJod8Fy1LKCpq1c8H59V&ev=1&action=click&impressionpid=b6d6dbf3-a5e4-4d2d-a678-af482c15881f&rn=1415664977&hmguid=bedcf899-0c3e-45e3-a33a-349d04620eea"/>
            
		    <input type="hidden" name="errorViewName" value="CategoryDisplayView"/>
		    <input type="hidden" name="SKU_ID" value="7771431"/>
		    <input type="hidden" name="itemType" value=""/>
		    
		    
	           <input type="hidden" name="ItemSKU_ID" value="7771431"/>
	        
		        <label class="access" for="quantity_958336">Quantity</label>
		        
					<input name="quantity"  id="quantity_958336" type="text" size="3" value="1" class="quantity"   />
				
                    <input type="hidden" name="catEntryId" value="958337"/>
                

		        <input type="hidden" name="productId" value="958336"/>
		        
		
		    <input type="hidden" name="URL" value="https://www.sainsburys.co.uk/webapp/wcs/stores/servlet/CategoryDisplay?langId=44&amp;storeId=10151&amp;krypto=a4fbIjhxfybI80CD44glFW73Nj%2Bz4ok1m6NR%2BZsiJOs%2FNPEHvw1E0jqVVURQ4szeMYVgEQZ8OaNoDnrOnzsDCzPqFKSr3nrTlATL33VRbl%2FZY5lPgAKcXIltNK3NqTE2pgkNW8B29FSYgoVkcFSM5nfG%2BKnDEUKsK1cZarIsSQw%3D&amp;ddkey=https%3Agb%2Fgroceries%2Ffruit-veg%2Fberries-cherries-currants"/>
		    <input type="hidden" name="page" value=""/>
		    <input type="hidden" name="contractId" value=""/>
		    <input type="hidden" name="calculateOrder" value="1"/>
		    <input type="hidden" name="calculationUsage" value="-1,-2,-3"/>
		    <input type="hidden" name="updateable" value="1"/>
		    <input type="hidden" name="merge" value="***"/>
		     
		   	<input type="hidden" name="callAjax" value="false"/>
		   	
		    
		        <input class="button process"  type="submit" name="Add" value="Add" />
			


		</form>
	<!-- END AddToTrolley.jsp -->
        <div class="numberInTrolley hidden numberInTrolley_958336" id="numberInTrolley_958336">
            
        </div>
    
                                        </div>

                                        <!-- BEGIN CatalogEntryRatingsReviewsInfo.jspf --><!-- productAllowedRatingsAndReviews: true -->
    <div class="reviews">
        
            <a class="numberOfReviews" href="//cat.hlserve.com/beacon?fid=425&hl_qs=HJvCTeH84jS51yBiAULaUQzx1hyCHo%2boaPwpoaALkeOXDDipS5WJ25VIvJb6ADhy5u4Ci8Mghx848rAiQIWAlDBNdfnapBs1%2fOZpHxXMeLhnyzpKQ4FG8YZHEdxTkQ1AIbppltOB1kddHWH%2bLjHFDZS5tgXxZy3vUfn8taMQSSPvr9UlB8rZCwz6bq8v0ygDD9SUKlhvyoVB1jsYUpV2gh5ZRocckUM%2fuWnKox%2fq%2bq8AtmyoGJrwfeQqJmySurJrLWQ4R57Fow1L2%2bfBaGwOL6i0b8hNZMjAh4GDYtS7O%2b7mXkJDHwjKKiH6HzPbkkgfNrapoM59FyDUI8EAmmvubgd%2bdLi9FhEGVgMrOOBvL9yWpXn5Ty4eCyCnX7VYRJ2Az2KqZVWvPh%2b5DJ%2fhMjRy4XXE%2fRsnTAzNo8ogN0V1LAz27x4Dk6u4Yt9CXB%2b6hzVKrt9mIHsOLHcOTy6lAKRgRZQdRtpImSHSdmaXPn6LN2nSeE7aXmkrzcKXbBzSOXx%2fzWVqB0yPPbyeqlBDvxoY7u7NDI6Z32Vbkt%2bLpbq6zYUYnPJZtzw%2fobORAMu7UT4g80oU5O3XQQI4Mp%2fGoQpuvt9C4ooPix0q0iuCEFq1wGrbxV8M4xxMY9XlC2JGd1XHUDBP6kKeGNjx1Ypo9E%2bk1vwEWjnGQpDdC%2fUWnVE1uLe0TxtRD6JXYYnFbk5qDb5SS%2fjpqVpsnEVt0WczZN0xTA%2f9MEKpST4YcY0eifCXuLKaWQia6U5DDlDy2vW993TdvQbhPBUOMlmmXCPdq4614N%2fxvMEuH13M35lm8JlA13CWcZTIImx5hEbNSw2c1YEQXLqcUz%2bLtCmdGfvdj7H39tmVkmMzobw6dT2pj98QMTPFSjAnWN5y2vuIX%2bzLXirFkTAgVbbij5x%2bzPyBUUVNQ9%2fSxwc0qbQQDGXzEml9XglzuJcrGdIt%2fzWhsRVy3JLRScYjWQa94KzDqyEbDBQ%2beofaYsUlGQ5057LwGtmYa4J5a9ftnVJcV43Hwy0rdXt4AlzwX5snPjQMiLtIFN8ZWG1Jee09O8aDizQBpfUeiQ%2fWnPvvcMWnXbIXeuXq2FN37bEDUAFJQjhssbz6unnEVahCk7jCPOyhG1Ht34wbBpd5hnO2IPTKjKKKwHNLl8rR%2bvvKE3gsIz7g5Rugc9g%2bZHpoNxldXXyPgRGVvkphOoOrrbCswH2RsKg1WiconVPA&ev=1&action=click&impressionpid=b6d6dbf3-a5e4-4d2d-a678-af482c15881f&rn=1033043507&hmguid=bedcf899-0c3e-45e3-a33a-349d04620eea&dest=https%3a%2f%2fwww.sainsburys.co.uk%2fshop%2fgb%2fgroceries%2foral-b-vitality-plus-toothbrush#reviews" >
                <img src="//www.sainsburys.co.uk/wcsstore7.28.113/SainsburysStorefrontAssetStore/img/stars/rating-4_7.gif" alt="4.7407" border="0"/>&nbsp; 
                Reviews (27)
            </a>
        
    </div>
<!-- END CatalogEntryRatingsReviewsInfo.jspf -->
                                   </div>
                               <!-- Start AddToSubscriptionList.jspf --><!-- Start AddToSubscriptionList.jsp --><!-- End AddToSubscriptionList.jsp --><!-- End AddToSubscriptionList.jspf -->     
                    </div>
                            
                    
                </div>     
            </div>
            <!--ThumbnailRestriction --><!-- END CatalogEntryThumbnailDisplay.jsp -->
	              </li>
	              

	               <li class="gridItem   ">  
	                   <!-- BEGIN CatalogEntryThumbnailDisplay.jsp -->
            <div class="product  hl-product hookLogic "
                onView-beacon=//b.hlserve.com/beacon?fid=425&hl_qs=HJvCTeH84jS51yBiAULaUQzx1hyCHo%2boaPwpoaALkeM8FO8k%2f3Ky7IPBhHu3b7bimgPI3pzlG1%2b74k56pA8U7IrSpzsRx%2fdApl%2bSocAAJATAf8ajp8Rw9f%2fxWmAsWwOOX43%2b6DBvBHvjfdr%2f9UiJ5gHvVpU%2bnAggCD7VO93r44BdqyK1iC1QsERgS6pvScuDzGEsSkA1fzhEG%2f6%2bSTGvmogDpsjF%2bE51YSxDHsjfv4uFQAuNs0pF2GLy6kdeamrhs9ROWEai3cGosz2RrBTSsK%2bSkpODjzc%2bY6Uj7akJXDCVbEEZQizWPiVrLUW%2bKyO99mtIrqwxxlSXTDBKDmkdqqKGAN%2bnaRE%2f5sXMPCrUU6l%2ftE49elopE2Dt0OoUrl%2bF%2foUGsOWHO5zuMZ82TFdY1WinmdBG1u0wXPr1%2bvnl906G6ejnhWTj2BvawoIsS8mCVStUZ%2fyk39BnJrPsRdGK3OqSc8UUvMRFZUoDNAcQ0L5rYX2wl6md38c2%2fyUoC97Frp9RQkSbC4Q1Pbq1w7QvGa4DEXXUJJQiw7ZapT2rBFzwRzGFG4%2bEW%2bqwBLnemcxy88dUaxycOYy7tFjnMcFtapFjJ9Eyu7CLzFfCcJ%2bOlyO9s9g752t8%2b9NlWiVc3viwjeHYxXKuS6ut5jfVkFtN81bZ3xO4g%2bojztvw8OZy5f43vp1kBKBQXHPpATFLq7ZiL%2fe7DmZtrZmvh0Au2iBu1R2eX9qYE0SZTZg0IRFOxcYDQLTqenB3XKZXUKYWvoExsd%2bOEhzZAgbABsopXWXXYkmx3Az%2bqdPPY6VZV00IsjDs5LoOqNfYDSrcnbF8oQDb6yyZWmLr4V0u4VgSwmOKd1y0yZCvk7j584ZPzjEOxGSM07wyDplHVBWFU165ZjzpquEcrm3lBp7etWJBv7uTG%2bPnwttoqaDy5UhWzfzuoyjpO4S4gnpu09xEENMuvBiCHg%2bZdBmN3YMneioPuA4YSMgc4pNdmSF7%2bRONEyPERwH%2f14QUWOLSYa3XlLf0Gk0ZZ1xYnx5Iij4ZjIAXJJx0DeRNMsDKQQF%2b%2bEsnMr0UnyFnigOr4LXa0RlofLyFWBU%2b1e2kU%2bqVBB3B2D1LGDYCO9iE2aAu5bZAemH3fDmyInE3Keiict8%2bOHxciOq4it0vXEaaS08UH9wzQ013CnY6wLLI1WDqtR9MaQ7OkqQWGukreSQsv0gmUqKL%2fJk4HhS93t3646sH%2bPnNAsc%2bnOynqZcdL2ycxPCIi3K3zu337w%2blCiQc4DWk0lkrB7rygo4xHacR5%2bfyPgQtkT2KVVp7vVoc%2bjNY1KtfzppqSYdfMb0%3d&ev=1&action=imp&pageguid=0534c03b-df33-4951-a64e-4a30379af4b7&pid=5c2272e6-4725-4e20-87a9-388e5dc55f6d&rn=552236801&hmguid=bedcf899-0c3e-45e3-a33a-349d04620eea"
                >
                
                
<wcbase:useBean id="sdb" classname="com.ibm.commerce.common.beans.StoreDataBean" scope="request" />
     
                <div class="productInfo">
                    <div class="productNameAndPromotions">
                        
                                  <h3>
                                    <a href="//cat.hlserve.com/beacon?fid=425&hl_qs=HJvCTeH84jS51yBiAULaUQzx1hyCHo%2boaPwpoaALkeM8FO8k%2f3Ky7IPBhHu3b7bimgPI3pzlG1%2b74k56pA8U7IrSpzsRx%2fdApl%2bSocAAJATAf8ajp8Rw9f%2fxWmAsWwOOX43%2b6DBvBHvjfdr%2f9UiJ5gHvVpU%2bnAggCD7VO93r44BdqyK1iC1QsERgS6pvScuDzGEsSkA1fzhEG%2f6%2bSTGvmogDpsjF%2bE51YSxDHsjfv4tJIUI8%2b70JfH%2bDHIzPF%2fEo06yiYo9R3Oz6tM1rE%2bVI%2bx2I8jZGUI%2btBrBzOzpA6e7JaRZb6ZcioL8CEQUf5XzpiJp4cnjHNuLWvNE75ujzynqTqMuOWHvG7DwoK4s%2fh1LurGYl%2bObNbK2%2b0664P9JoJLnEh1APD1%2bXgk7irC6NLLfrncqSnTryvsgOsz4PopKyshNfMTWsNncDWYYagGAKceNl9Br%2b1IdEMSzlYThkpzeyZ%2bkNAKWUzBL9%2fuDR%2b2M3cSyO30FQO0p4DkV4uxIyCdUcAci3B0si7sM%2bREtLFbAFbDlZVer79Tnb5dwLibmLHH52U4E6%2bE9S6PPyR60diUGrr6joc26guVAJr5G0MdH6bK7p%2badQztwifeSDgAluBMUKXC0YDNAnkoClurxqZDm3zPx%2bfPYbjvLbtVE6Mk2tMVqIQ0cybcgBqBmX6jbrdX8HhKbMx6IU1KPcx6rDBqf01L97p2sVirXE6EGOuh9vmsrEnaFyMaFbvem5tfp7%2bYmvOq7eIi4LxZebJh1Ost5eMVth5QkMiXbObQRYdbuDjqammufYXFRC3%2bsS8m2%2fGrf8zGLrg8XIAI1VxbM967rTuPKpHu9PKqnG8KL%2fYjCJdVeU79MmnH2MZS4YjucOL94j2j20ZqohskFBxbRRTGmeK7R%2bthWt6FpHziDIEPNtBTDmZhRQClhvFD23Ei02lvzuD%2bsvk199P8RQ%2f134GqM35kLWFtmwSJqd0V46%2bQKwAQz5Ec5zHXWgAqOKK9wjQ1tPGjTkR30SkdPTMXbarsvJd%2bFqPEwBxOyu7xvysbUIBjxMlCUbIO%2b0mxjzx09nGQw%2fFrgyY6gtmK%2b4uLuSWoMeSBbrn7UY%2buYRs0OKBRqHhgW%2bkb%2fxugrDMzOowBZiZArLTGRAv4agHDrQ7n2yAAxdcCBJYqop7iV7ZhdlwJDGDFAGC%2bp4VBo1J64E31d1SjaAKq1PcCoPXuas9mLKx2JwNPzmep9oCaOuJGn4q5qC%2bLhpxByJmK5ed0bQrF4%3d&ev=1&action=click&impressionpid=5c2272e6-4725-4e20-87a9-388e5dc55f6d&rn=1644633968&hmguid=bedcf899-0c3e-45e3-a33a-349d04620eea&dest=https%3a%2f%2fwww.sainsburys.co.uk%2fshop%2fgb%2fgroceries%2fgarnier-micellar-water-combi-400ml" >
                                        Garnier Micellar Water Combination Skin 400ml
                                        <img src="//www.sainsburys.co.uk/wcsstore7.28.113/ExtendedSitesCatalogAssetStore/images/catalog/productImages/52/3600541594852/3600541594852_L.jpeg" alt="" />
                                    </a>
                                </h3>
                              
                    </div> 
                </div>
                
                <div class="errorBanner hidden" id="error960957"></div>
                <div class="addToTrolleytabBox">   
                    <!--addToTrolleytabBox GRID VIEW --><!-- Start UserSubscribedOrNot.jspf --><!-- Start UserSubscribedOrNot.jsp --><!-- 
			If the user is not logged in, render this opening 
			DIV adding an addtional class to fix the border top which is removed 
			and replaced by the tabs
		-->
		<div class="addToTrolleytabContainer addItemBorderTop">
	<!-- End AddToSubscriptionList.jsp --><!-- End AddSubscriptionList.jspf --><!-- 
                    ATTENTION!!!
                    <div class="addToTrolleytabContainer">
                    This opening div is inside "../../ReusableObjects/UserSubscribedOrNot.jsp"
                    -->
                    <div class="pricingAndTrolleyOptions">
                        
                                    <div class="priceTab priceTabContainer activeContainer addItem" id="addItem_960957">
                                       <div class="pricing">
                                           
	<p class="pricePerUnit">
    Â£5.00<abbr title="per">/</abbr><abbr title="unit"><span class="pricePerUnitUnit">unit</span></abbr>
</p>
 
    <p class="pricePerMeasure">Â£1.25<abbr 
            title="per">/</abbr>100<abbr 
            title="millilitre"><span class="pricePerMeasureMeasure">ml</span></abbr>
    </p>

                                       </div>                                      

                                     
                                        <div class="addToTrolleyForm "> 
                                           <!-- BEGIN AddToTrolley.jsp --><!-- fire an on add to bag here from true -->
		
		<form class="addToTrolleyForm" name="OrderItemAddForm_960957" action="OrderItemAdd" method="post" id="OrderItemAddForm_960957" class="addToTrolleyForm">
		    <input type="hidden" name="storeId" value="10151"/>
		    <input type="hidden" name="langId" value="44"/>
		    <input type="hidden" name="catalogId" value="10123"/>
		    
		    
                <input type="hidden" name="hookLogicOnClickUrl" value="//cat.hlserve.com/beacon?fid=425&hl_qs=HJvCTeH84jS51yBiAULaUQzx1hyCHo%2boaPwpoaALkeM8FO8k%2f3Ky7IPBhHu3b7bimgPI3pzlG1%2b74k56pA8U7IrSpzsRx%2fdApl%2bSocAAJATAf8ajp8Rw9f%2fxWmAsWwOOX43%2b6DBvBHvjfdr%2f9UiJ5gHvVpU%2bnAggCD7VO93r44BdqyK1iC1QsERgS6pvScuDzGEsSkA1fzhEG%2f6%2bSTGvmogDpsjF%2bE51YSxDHsjfv4tJIUI8%2b70JfH%2bDHIzPF%2fEo06yiYo9R3Oz6tM1rE%2bVI%2bx2I8jZGUI%2btBrBzOzpA6e7JaRZb6ZcioL8CEQUf5XzpiJp4cnjHNuLWvNE75ujzynqTqMuOWHvG7DwoK4s%2fh1LurGYl%2bObNbK2%2b0664P9JoJLnEh1APD1%2bXgk7irC6NLLfrncqSnTryvsgOsz4PopKyshNfMTWsNncDWYYagGAKceNl9Br%2b1IdEMSzlYThkpzeyZ%2bkNAKWUzBL9%2fuDR%2b2M3cSyO30FQO0p4DkV4uxIyCdUcAci3B0si7sM%2bREtLFbAFbDlZVer79Tnb5dwLibmLHH52U4E6%2bE9S6PPyR60diUGrr6joc26guVAJr5G0MdH6bK7p%2badQztwifeSDgAn4D0lqkvXdQGCTysaLZ5ekdS7CjFwk7qcgtl9AAgVw3V0WYgNTvpC5AnG%2bPSGS08vskhTVWR7TDojrWYiiqsZ%2bjB6UGn127LFYeT0k6AxDUYmaq7vtBu0Dmv9BbzrmIV08FQ6SIEGNyrPu6oXCq9Jz%2bMqKyaF66Kvf%2bTWw7DWwG%2fzibpdvqq%2bAwAXBuDWND4YJDRN6SNoJbOIKOd0WrGvYqRXUS5x3SYSlDGT8xdvm7T5gQp%2bBLZKXkQGnEvB7RmjL%2b3qkKW3kJtkGuLyV5%2fluIpfOHk4gFdvvO8e6NwFcEFGU3qoLxPR1zBHABb7XaRyl%2bAmDHafUvYnyKD1Ybt1CRssRBTrNwyTq7i%2bfADAmCJHXYBOuyc9Qk9tvozsD%2fNAcvVu4ZTYRfq2LAykAl%2fh7VR01a5ru%2b7TclE6LJSMgMAakCnTntK3GWBWo4t89vOqvfFoZdJ9RIHF%2br3arnacTjF9mD93urJOhk6DRIcmKam6RrkO%2bLHQ0Fpl%2bT3lFhYy%2fiJQcjl%2bexJS1kioqiFwGT%2fX%2bhb0GRh5gXXrZSIpraqZTKTbrr5U%2fcfQIZK7MTCmLOyqnzrewOIQO5vYEZw%2bZFswDcxBRvdJ8txP4HeNEtAZK2emv%2fEbNDJyd0O1iI7Y%3d&ev=1&action=click&impressionpid=5c2272e6-4725-4e20-87a9-388e5dc55f6d&rn=546700150&hmguid=bedcf899-0c3e-45e3-a33a-349d04620eea"/>
            
		    <input type="hidden" name="errorViewName" value="CategoryDisplayView"/>
		    <input type="hidden" name="SKU_ID" value="7772886"/>
		    <input type="hidden" name="itemType" value=""/>
		    
		    
	           <input type="hidden" name="ItemSKU_ID" value="7772886"/>
	        
		        <label class="access" for="quantity_960956">Quantity</label>
		        
					<input name="quantity"  id="quantity_960956" type="text" size="3" value="1" class="quantity"   />
				
                    <input type="hidden" name="catEntryId" value="960957"/>
                

		        <input type="hidden" name="productId" value="960956"/>
		        
		
		    <input type="hidden" name="URL" value="https://www.sainsburys.co.uk/webapp/wcs/stores/servlet/CategoryDisplay?langId=44&amp;storeId=10151&amp;krypto=a4fbIjhxfybI80CD44glFW73Nj%2Bz4ok1m6NR%2BZsiJOs%2FNPEHvw1E0jqVVURQ4szeMYVgEQZ8OaNoDnrOnzsDCzPqFKSr3nrTlATL33VRbl%2FZY5lPgAKcXIltNK3NqTE2pgkNW8B29FSYgoVkcFSM5nfG%2BKnDEUKsK1cZarIsSQw%3D&amp;ddkey=https%3Agb%2Fgroceries%2Ffruit-veg%2Fberries-cherries-currants"/>
		    <input type="hidden" name="page" value=""/>
		    <input type="hidden" name="contractId" value=""/>
		    <input type="hidden" name="calculateOrder" value="1"/>
		    <input type="hidden" name="calculationUsage" value="-1,-2,-3"/>
		    <input type="hidden" name="updateable" value="1"/>
		    <input type="hidden" name="merge" value="***"/>
		     
		   	<input type="hidden" name="callAjax" value="false"/>
		   	
		    
		        <input class="button process"  type="submit" name="Add" value="Add" />
			


		</form>
	<!-- END AddToTrolley.jsp -->
        <div class="numberInTrolley hidden numberInTrolley_960956" id="numberInTrolley_960956">
            
        </div>
    
                                        </div>

                                        <!-- BEGIN CatalogEntryRatingsReviewsInfo.jspf --><!-- productAllowedRatingsAndReviews: true -->
    <div class="reviews">
        
            <a class="numberOfReviews" href="//cat.hlserve.com/beacon?fid=425&hl_qs=HJvCTeH84jS51yBiAULaUQzx1hyCHo%2boaPwpoaALkeM8FO8k%2f3Ky7IPBhHu3b7bimgPI3pzlG1%2b74k56pA8U7IrSpzsRx%2fdApl%2bSocAAJATAf8ajp8Rw9f%2fxWmAsWwOOX43%2b6DBvBHvjfdr%2f9UiJ5gHvVpU%2bnAggCD7VO93r44BdqyK1iC1QsERgS6pvScuDzGEsSkA1fzhEG%2f6%2bSTGvmogDpsjF%2bE51YSxDHsjfv4tJIUI8%2b70JfH%2bDHIzPF%2fEo06yiYo9R3Oz6tM1rE%2bVI%2bx2I8jZGUI%2btBrBzOzpA6e7JaRZb6ZcioL8CEQUf5XzpiJp4cnjHNuLWvNE75ujzynqTqMuOWHvG7DwoK4s%2fh1LurGYl%2bObNbK2%2b0664P9JoJLnEh1APD1%2bXgk7irC6NLLfrncqSnTryvsgOsz4PopKyshNfMTWsNncDWYYagGAKceNl9Br%2b1IdEMSzlYThkpzeyZ%2bkNAKWUzBL9%2fuDR%2b2M3cSyO30FQO0p4DkV4uxIyCdUcAci3B0si7sM%2bREtLFbAFbDlZVer79Tnb5dwLibmLHH52U4E6%2bE9S6PPyR60diUGrr6joc26guVAJr5G0MdH6bK7p%2badQztwifeSDgAluBMUKXC0YDNAnkoClurxqZDm3zPx%2bfPYbjvLbtVE6Mk2tMVqIQ0cybcgBqBmX6jbrdX8HhKbMx6IU1KPcx6rDBqf01L97p2sVirXE6EGOuh9vmsrEnaFyMaFbvem5tfp7%2bYmvOq7eIi4LxZebJh1Ost5eMVth5QkMiXbObQRYdbuDjqammufYXFRC3%2bsS8m2%2fGrf8zGLrg8XIAI1VxbM967rTuPKpHu9PKqnG8KL%2fYjCJdVeU79MmnH2MZS4YjucOL94j2j20ZqohskFBxbRRTGmeK7R%2bthWt6FpHziDIEPNtBTDmZhRQClhvFD23Ei02lvzuD%2bsvk199P8RQ%2f134GqM35kLWFtmwSJqd0V46%2bQKwAQz5Ec5zHXWgAqOKK9wjQ1tPGjTkR30SkdPTMXbarsvJd%2bFqPEwBxOyu7xvysbUIBjxMlCUbIO%2b0mxjzx09nGQw%2fFrgyY6gtmK%2b4uLuSWoMeSBbrn7UY%2buYRs0OKBRqHhgW%2bkb%2fxugrDMzOowBZiZArLTGRAv4agHDrQ7n2yAAxdcCBJYqop7iV7ZhdlwJDGDFAGC%2bp4VBo1J64E31d1SjaAKq1PcCoPXuas9mLKx2JwNPzmep9oCaOuJGn4q5qC%2bLhpxByJmK5ed0bQrF4%3d&ev=1&action=click&impressionpid=5c2272e6-4725-4e20-87a9-388e5dc55f6d&rn=1644633968&hmguid=bedcf899-0c3e-45e3-a33a-349d04620eea&dest=https%3a%2f%2fwww.sainsburys.co.uk%2fshop%2fgb%2fgroceries%2fgarnier-micellar-water-combi-400ml#reviews" >
                <img src="//www.sainsburys.co.uk/wcsstore7.28.113/SainsburysStorefrontAssetStore/img/stars/rating-4_4.gif" alt="4.4464" border="0"/>&nbsp; 
                Reviews (56)
            </a>
        
    </div>
<!-- END CatalogEntryRatingsReviewsInfo.jspf -->
                                   </div>
                               <!-- Start AddToSubscriptionList.jspf --><!-- Start AddToSubscriptionList.jsp --><!-- End AddToSubscriptionList.jsp --><!-- End AddToSubscriptionList.jspf -->     
                    </div>
                            
                    
                </div>     
            </div>
            <!--ThumbnailRestriction --><!-- END CatalogEntryThumbnailDisplay.jsp -->
	              </li>
	              

	               <li class="gridItem  hlLast ">  
	                   <!-- BEGIN CatalogEntryThumbnailDisplay.jsp -->
            <div class="product  hl-product hookLogic  highlighted specialOffer"
                onView-beacon=//b.hlserve.com/beacon?fid=425&hl_qs=HJvCTeH84jS51yBiAULaUQzx1hyCHo%2boaPwpoaALkeM%2fLFYSpKJhwBrnDTDzxMijoWKwYUpIL8FgBlBl6rgOZI4S1c2qJnWBZiTQn8KvWRX5y8FCypMR1JRBOsh710khYig8PRfX3L6R6X73vcs4E9w6idqgzEYJY5Ka%2fJsVlxmj%2fRAuR6b3gJJkz63GZ5zT%2fVdwtNwrKLVPhDEkVqDvTJC5I3bzORY%2bOL8%2f%2f5EZiPvuieiIqvpWA6vQbtcxBT71anC2gsmaWOAnh5VpHVrHGdfYhH6o%2byVIcVy%2bYBD6Rk0rTMBMHFZl7rCa3lRKbFJ%2fbBudLSsVjAA%2beQTbXI12pdbqnDkEKBPFAOA0HIJdYSAFihY40NetSoNRDPiEj0Ceh%2fFTnO2w2Ap61huCpyeugDj0SuYWWYIO2Sh5tJJ3o4%2bpRt88665MwKrMgSA%2b%2fzae0aR5e1nCug%2fh%2fEOTD6%2fIuUCy0VwLLXDIHUcnQBLtbFij7CT0F9w0O6jOKrXmKfU2avhSSvQSO6UfhrN4dPdoEmcYvnIPQUi%2fOYMqLqY89VSiBD2za%2fUPg%2bRCbnvKCxl%2fKy0kwpWm0XXh9c%2bWG3gEPD4XsRXVpGJ3SHniGByKwjZNEGPN8kYgKSogaGV8lSsSMzvQYDeZxx62UOKC1jxmkKjpEonuyhLVLHy9qln4H%2bc1Z3zCE1N7dxIoGWIBc7lnv05%2fhCnpTd5Z%2fYNp5euKAMPH0Lw1YruYBzBmvu3USBw9XgaY1bJRC0iT%2bQxyk2D9xf9a%2bKNnQPOdcwpzpRBMAFkGqs0Dn0qE%2bdwCatnRNVCJKp%2bNgz0xddyS7h5MrbloR1kc5WMZoejtnJsvNjl5ZcsVy%2fOsMgji7bbanXmgqD2p%2byzroKCh4xGfS3QMbrJ9HVwpeZRDEWr8rNmBugnnMhsmh9d4V2ZZAWZCMqQ5jZmsFbD9WWyYNUQlwP05pGORk5ageZLQrIPo%2bMJAbubQlL%2f349BPoxY%2bUXZ%2fWVEUmyZBgxtS5EsAMKI%2fVHG9RogvIZUbhS6YiArY7jxvS6X649th3Qb8PS5fCktLJxhBXEOFZCpzLm9Dv3cG7mvT56c3qCznGHLqI2jXDVaUEdS8RQRG%2bw0cXHCfRVse7XoMrKXnz1%2bB3MzKwSUv7ObN98rOBufn2lCG4QkN0%2fjfRvRT%2fUCz%2bn%2fY5bnspnEq7T9vIyxs33tRQXG0Sz8nZzzr6FMyEBdbkpfXKy%2b2101sfu2vd%2bNIfMk19Iw0DKrVEGnm8tNdwhsofUZ41MBwp2ss5a7M61SbFzB3UZxIapbj6%2f%2fz8w%3d%3d&ev=1&action=imp&pageguid=0534c03b-df33-4951-a64e-4a30379af4b7&pid=7f5fe538-6621-4ed1-92a5-7378213ded6c&rn=1702941732&hmguid=bedcf899-0c3e-45e3-a33a-349d04620eea"
                >
                
                
<wcbase:useBean id="sdb" classname="com.ibm.commerce.common.beans.StoreDataBean" scope="request" />
     
                <div class="productInfo">
                    <div class="productNameAndPromotions">
                        
                                  <h3>
                                    <a href="//cat.hlserve.com/beacon?fid=425&hl_qs=HJvCTeH84jS51yBiAULaUQzx1hyCHo%2boaPwpoaALkeM%2fLFYSpKJhwBrnDTDzxMijoWKwYUpIL8FgBlBl6rgOZI4S1c2qJnWBZiTQn8KvWRX5y8FCypMR1JRBOsh710khYig8PRfX3L6R6X73vcs4E9w6idqgzEYJY5Ka%2fJsVlxmj%2fRAuR6b3gJJkz63GZ5zT%2fVdwtNwrKLVPhDEkVqDvTJC5I3bzORY%2bOL8%2f%2f5EZiPvU0NDRuB%2fYJFeFoGo8J1pAuBLnOkXlQT9rmxnXnaMvAqZh%2bL%2beSBL7h%2f2QgQvkb92%2bFmA0qgFI5Tq2Oxjb5cgOoIu%2buLBw0cTcZp%2bprE1K3RCxyGFa%2f%2f2HbweGUVFm%2fWuTIpH%2fTeA9IqYo0a80hiWjz0Xr2yXb2r4eISJPoGhsqB2Aylcjwjl3%2bv5pw6x893Ixrk07IH4ySb9OH6dkDuvHeDowN4eLnB9FSqGDV1D%2f2oXoQVsnSxt9Nl%2fwOLWWG%2bPs%2bZuK5L%2fKSVc05S2mOrs2UXK%2bwkO4f6QimYSszI%2fL3qdDInhOCIrNrWH%2bdvBdSwBTxC1UsqwuFUwjIbB9Yqyy9GvxlpsqQqnnJxA855Hnim10Vhn%2bSuuHoTxQ5gb8Aov2NhXGLJTRogwMOSRu9ch%2b%2fV5pfKwzJIdxvwthVOQquaKA0goxufRPM5Mz41cS1xdQsyQj6r9ZDQ4sZ2clTIx8k1M66JE7lbSSxB8aYfS3TAuqiwNdB5f3UVDPC%2blvu9QY%2f1tH%2f8Jy8OCxP8GV%2btmAzMMxBJ%2bvlPztqHzgFir1YpgXq08u%2fpS0SGU91hh7FkrzgRyYx6bG9ODSvIOE0LHqycYNi0qATnHbRyF98mfcnFNzdkDmHT0LbDJkYiEOIH4EtKzJzNIHtEUiYtlxjXcyBJ8ml7jaQBy2kujPOcb9M%2f0MnvznofDEnXMTd4sLbk9JqUTqqzPc8dVHQui17juiH7XtgRtu9gXcbJHQCgj%2fFzS8k629nyYYs6zp2W4ZEPsnIP47y7F2zd1PElWpHN4WqywGETB6Vk702GjJbNp76YT3ZWrIJUKDwF%2bycPNT1ZIxeC1TPSDlRzmqphUfSMH%2fuCGXf6JW1S%2f9PbDLQ3mDE6ia0oQ6Q%2bOtEM8qKf6Rg1Hs0RnuJ4XLOdi6RlFoo0T6lfzg4g53VHGQCex5HRJxbm6GFTfAx02%2fysHeQDNbtkXcUP6uQDFmhY1L38L4TXwnQqnmWxf9ER2h7smIcClZNw%3d%3d&ev=1&action=click&impressionpid=7f5fe538-6621-4ed1-92a5-7378213ded6c&rn=179812651&hmguid=bedcf899-0c3e-45e3-a33a-349d04620eea&dest=https%3a%2f%2fwww.sainsburys.co.uk%2fshop%2fgb%2fgroceries%2fguinness-draught-10x440ml-%252841%2525-abv%2529" >
                                        Guinness Draught Stout 10x440ml
                                        <img src="//www.sainsburys.co.uk/wcsstore7.28.113/ExtendedSitesCatalogAssetStore/images/catalog/productImages/36/5000196000636/5000196000636_L.jpeg" alt="" />
                                    </a>
                                </h3>
                              
    <div class="promotion">
                   
		            <p><a href="//cat.hlserve.com/beacon?fid=425&hl_qs=HJvCTeH84jS51yBiAULaUQzx1hyCHo%2boaPwpoaALkeM%2fLFYSpKJhwBrnDTDzxMijoWKwYUpIL8FgBlBl6rgOZI4S1c2qJnWBZiTQn8KvWRX5y8FCypMR1JRBOsh710khYig8PRfX3L6R6X73vcs4E9w6idqgzEYJY5Ka%2fJsVlxmj%2fRAuR6b3gJJkz63GZ5zT%2fVdwtNwrKLVPhDEkVqDvTJC5I3bzORY%2bOL8%2f%2f5EZiPvU0NDRuB%2fYJFeFoGo8J1pAuBLnOkXlQT9rmxnXnaMvAqZh%2bL%2beSBL7h%2f2QgQvkb92%2bFmA0qgFI5Tq2Oxjb5cgOoIu%2buLBw0cTcZp%2bprE1K3RCxyGFa%2f%2f2HbweGUVFm%2fWuTIpH%2fTeA9IqYo0a80hiWjz0Xr2yXb2r4eISJPoGhsqB2Aylcjwjl3%2bv5pw6x893Ixrk07IH4ySb9OH6dkDuvHeDowN4eLnB9FSqGDV1D%2f2oXoQVsnSxt9Nl%2fwOLWWG%2bPs%2bZuK5L%2fKSVc05S2mOrs2UXK%2bwkO4f6QimYSszI%2fL3qdDInhOCIrNrWH%2bdvBdSwBTxC1UsqwuFUwjIbB9Yqyy9GvxlpsqQqnnJxA855Hnim10Vhn%2bSuuHoTxQ5gb8AosEOIDvD1tzgSN7Yl7JMyGu%2b418ZAqbJzeq0TOWzqYI5c%2bXK7wHluZMNDolE6MOHKMiuFpgiy47lf7XpOm7Hdi30jt8AkMkHL04ssyyr4vXRvHNZ4Ez1xRIRF6LIMHHUNukv5VTy2A9%2b8yoIa6%2bx%2fNODIz3tq1WR0hDvQBI%2fBR0RMQCf1auHl5rNSzL%2b43HUHZvNiliKSoUVWBMqS2fF6Zyf6D7sOz7mBry%2bKH%2bf3wmJUEExp6cfBZg%2fYQJC1s40WYRkVGkvSqVtoRmjktSqt0%2fjqr32OSwSITKc8u6QV4xcEqNrkBSTot%2faV5HCPQszFW1t7k0br26Pra02pmcXgBAuD%2fYlLc4zLyawKHjVW9azWrUx8NEC37Go6bHQBG5XhHpzPXp1Z5HSbRiYQZmXIbiUKUDQtjt5V%2fdTVh6MkNF8O0Ai5Kp0Pn4WEtf%2bnVa4Bo81l5fbqEy%2ba39DaMptG8nK1ZOy%2f5wQvC3Y%2fWb%2bwCz4mnNCgx0o6JLVNkW6N56zjGDRwqlGn6vZ7csJ6mw2w6HEzJ%2fdP0G%2ffhIIK1U7wVOdY1U0T%2fT9iYmPeHZZflhk04dmbRqR6wYr5LLl1EyLfphx%2fx9e92QIQkRtDfv2FJN%2bA%3d%3d&ev=1&action=click&impressionpid=7f5fe538-6621-4ed1-92a5-7378213ded6c&rn=1105681106&hmguid=bedcf899-0c3e-45e3-a33a-349d04620eea&dest=https%3A%2F%2Fwww.sainsburys.co.uk%2Fshop%2FPromotionDisplayView%3FcatalogId%3D10123%26langId%3D44%26productId%3D86862%26storeId%3D10151%26promotionId%3D10311218"><!-- BEGIN include/PromotionStrapline.jspf -->Only Â£9.00: Save Â£2.50<br/>

<!-- FINISH include/PromotionStrapline.jspf -->
		            </a></p>
		                        
    </div>

                    </div> 
                </div>
                
            <div class="strapline">
                <a href="//cat.hlserve.com/beacon?fid=425&hl_qs=HJvCTeH84jS51yBiAULaUQzx1hyCHo%2boaPwpoaALkeM%2fLFYSpKJhwBrnDTDzxMijoWKwYUpIL8FgBlBl6rgOZI4S1c2qJnWBZiTQn8KvWRX5y8FCypMR1JRBOsh710khYig8PRfX3L6R6X73vcs4E9w6idqgzEYJY5Ka%2fJsVlxmj%2fRAuR6b3gJJkz63GZ5zT%2fVdwtNwrKLVPhDEkVqDvTJC5I3bzORY%2bOL8%2f%2f5EZiPvU0NDRuB%2fYJFeFoGo8J1pAuBLnOkXlQT9rmxnXnaMvAqZh%2bL%2beSBL7h%2f2QgQvkb92%2bFmA0qgFI5Tq2Oxjb5cgOoIu%2buLBw0cTcZp%2bprE1K3RCxyGFa%2f%2f2HbweGUVFm%2fWuTIpH%2fTeA9IqYo0a80hiWjz0Xr2yXb2r4eISJPoGhsqB2Aylcjwjl3%2bv5pw6x893Ixrk07IH4ySb9OH6dkDuvHeDowN4eLnB9FSqGDV1D%2f2oXoQVsnSxt9Nl%2fwOLWWG%2bPs%2bZuK5L%2fKSVc05S2mOrs2UXK%2bwkO4f6QimYSszI%2fL3qdDInhOCIrNrWH%2bdvBdSwBTxC1UsqwuFUwjIbB9Yqyy9GvxlpsqQqnnJxA855Hnim10Vhn%2bSuuHoTxQ5gb8AosEOIDvD1tzgSN7Yl7JMyGu%2b418ZAqbJzeq0TOWzqYI5c%2bXK7wHluZMNDolE6MOHKMiuFpgiy47lf7XpOm7Hdi30jt8AkMkHL04ssyyr4vXRvHNZ4Ez1xRIRF6LIMHHUNukv5VTy2A9%2b8yoIa6%2bx%2fNODIz3tq1WR0hDvQBI%2fBR0RMQCf1auHl5rNSzL%2b43HUHZvNiliKSoUVWBMqS2fF6Zyf6D7sOz7mBry%2bKH%2bf3wmJUEExp6cfBZg%2fYQJC1s40WYRkVGkvSqVtoRmjktSqt0%2fjqr32OSwSITKc8u6QV4xcEqNrkBSTot%2faV5HCPQszFW1t7k0br26Pra02pmcXgBAuD%2fYlLc4zLyawKHjVW9azWrUx8NEC37Go6bHQBG5XhHpzPXp1Z5HSbRiYQZmXIbiUKUDQtjt5V%2fdTVh6MkNF8O0Ai5Kp0Pn4WEtf%2bnVa4Bo81l5fbqEy%2ba39DaMptG8nK1ZOy%2f5wQvC3Y%2fWb%2bwCz4mnNCgx0o6JLVNkW6N56zjGDRwqlGn6vZ7csJ6mw2w6HEzJ%2fdP0G%2ffhIIK1U7wVOdY1U0T%2fT9iYmPeHZZflhk04dmbRqR6wYr5LLl1EyLfphx%2fx9e92QIQkRtDfv2FJN%2bA%3d%3d&ev=1&action=click&impressionpid=7f5fe538-6621-4ed1-92a5-7378213ded6c&rn=1105681106&hmguid=bedcf899-0c3e-45e3-a33a-349d04620eea&dest=https%3A%2F%2Fwww.sainsburys.co.uk%2Fshop%2FPromotionDisplayView%3FcatalogId%3D10123%26langId%3D44%26productId%3D86862%26storeId%3D10151%26promotionId%3D10311218"><img src="/wcsstore7.28.113/SainsburysStorefrontAssetStore/wcassets/icons/special/img-special-offer.png" alt="Special Offer" />
                </a>
            </div>
          
                <div class="errorBanner hidden" id="error86863"></div>
                <div class="addToTrolleytabBox">   
                    <!--addToTrolleytabBox GRID VIEW --><!-- Start UserSubscribedOrNot.jspf --><!-- Start UserSubscribedOrNot.jsp --><!-- 
			If the user is not logged in, render this opening 
			DIV adding an addtional class to fix the border top which is removed 
			and replaced by the tabs
		-->
		<div class="addToTrolleytabContainer addItemBorderTop">
	<!-- End AddToSubscriptionList.jsp --><!-- End AddSubscriptionList.jspf --><!-- 
                    ATTENTION!!!
                    <div class="addToTrolleytabContainer">
                    This opening div is inside "../../ReusableObjects/UserSubscribedOrNot.jsp"
                    -->
                    <div class="pricingAndTrolleyOptions">
                        
                                    <div class="priceTab priceTabContainer activeContainer addItem" id="addItem_86863">
                                       <div class="pricing">
                                           
	<p class="pricePerUnit">
    Â£9.00<abbr title="per">/</abbr><abbr title="unit"><span class="pricePerUnitUnit">unit</span></abbr>
</p>
 
    <p class="pricePerMeasure">Â£2.04<abbr 
            title="per">/</abbr><abbr 
            title="litres"><span class="pricePerMeasureMeasure">ltr</span></abbr>
    </p>

                                       </div>                                      

                                     
                                        <div class="addToTrolleyForm "> 
                                           <!-- BEGIN AddToTrolley.jsp --><!-- fire an on add to bag here from true -->
		
		<form class="addToTrolleyForm" name="OrderItemAddForm_86863" action="OrderItemAdd" method="post" id="OrderItemAddForm_86863" class="addToTrolleyForm">
		    <input type="hidden" name="storeId" value="10151"/>
		    <input type="hidden" name="langId" value="44"/>
		    <input type="hidden" name="catalogId" value="10123"/>
		    
		    
                <input type="hidden" name="hookLogicOnClickUrl" value="//cat.hlserve.com/beacon?fid=425&hl_qs=HJvCTeH84jS51yBiAULaUQzx1hyCHo%2boaPwpoaALkeM%2fLFYSpKJhwBrnDTDzxMijoWKwYUpIL8FgBlBl6rgOZI4S1c2qJnWBZiTQn8KvWRX5y8FCypMR1JRBOsh710khYig8PRfX3L6R6X73vcs4E9w6idqgzEYJY5Ka%2fJsVlxmj%2fRAuR6b3gJJkz63GZ5zT%2fVdwtNwrKLVPhDEkVqDvTJC5I3bzORY%2bOL8%2f%2f5EZiPvU0NDRuB%2fYJFeFoGo8J1pAuBLnOkXlQT9rmxnXnaMvAqZh%2bL%2beSBL7h%2f2QgQvkb92%2bFmA0qgFI5Tq2Oxjb5cgOoIu%2buLBw0cTcZp%2bprE1K3RCxyGFa%2f%2f2HbweGUVFm%2fWuTIpH%2fTeA9IqYo0a80hiWjz0Xr2yXb2r4eISJPoGhsqB2Aylcjwjl3%2bv5pw6x893Ixrk07IH4ySb9OH6dkDuvHeDowN4eLnB9FSqGDV1D%2f2oXoQVsnSxt9Nl%2fwOLWWG%2bPs%2bZuK5L%2fKSVc05S2mOrs2UXK%2bwkO4f6QimYSszI%2fL3qdDInhOCIrNrWH%2bdvBdSwBTxC1UsqwuFUwjIbB9Yqyy9GvxlpsqQqnnJxA855Hnim10Vhn%2bSuuHoTxQ5gb8AosEOIDvD1tzgSN7Yl7JMyGu%2b418ZAqbJzeq0TOWzqYI5c%2bXK7wHluZMNDolE6MOHKMiuFpgiy47lf7XpOm7Hdi30jt8AkMkHL04ssyyr4vXRvHNZ4Ez1xRIRF6LIMHHUNukv5VTy2A9%2b8yoIa6%2bx%2fNODIz3tq1WR0hDvQBI%2fBR0RMQCf1auHl5rNSzL%2b43HUHZvNiliKSoUVWBMqS2fF6Zyf6D7sOz7mBry%2bKH%2bf3wmJUEExp6cfBZg%2fYQJC1s40WYRkVGkvSqVtoRmjktSqt0%2fjqr32OSwSITKc8u6QV4xcEqNrkBSTot%2faV5HCPQszFW1t7k0br26Pra02pmcXgBAuD%2fYlLc4zLyawKHjVW9azWrUx8NEC37Go6bHQBG5XhHpzPXp1Z5HSbRiYQZmXIbiUKUDQtjt5V%2fdTVh6MkNF8O0Ai5Kp0Pn4WEtf%2bnVa4Bo81l5fbqEy%2ba39DaMptG8nK1ZOy%2f5wQvC3Y%2fWb%2bwCz4mnNCgx0o6JLVNkW6N56zjGDRwqlGn6vZ7csJ6mw2w6HEzJ%2fdP0G%2ffhIIK1U7wVOdY1U0T%2fT9iYmPeHZZflhk04dmbRqR6wYr5LLl1EyLfphx%2fx9e92QIQkRtDfv2FJN%2bA%3d%3d&ev=1&action=click&impressionpid=7f5fe538-6621-4ed1-92a5-7378213ded6c&rn=1105681106&hmguid=bedcf899-0c3e-45e3-a33a-349d04620eea"/>
            
		    <input type="hidden" name="errorViewName" value="CategoryDisplayView"/>
		    <input type="hidden" name="SKU_ID" value="6026299"/>
		    <input type="hidden" name="itemType" value=""/>
		    
		    
	           <input type="hidden" name="ItemSKU_ID" value="6026299"/>
	        
		        <label class="access" for="quantity_86862">Quantity</label>
		        
					<input name="quantity"  id="quantity_86862" type="text" size="3" value="1" class="quantity"   />
				
                    <input type="hidden" name="catEntryId" value="86863"/>
                

		        <input type="hidden" name="productId" value="86862"/>
		        
		
		    <input type="hidden" name="URL" value="https://www.sainsburys.co.uk/webapp/wcs/stores/servlet/CategoryDisplay?langId=44&amp;storeId=10151&amp;krypto=a4fbIjhxfybI80CD44glFW73Nj%2Bz4ok1m6NR%2BZsiJOs%2FNPEHvw1E0jqVVURQ4szeMYVgEQZ8OaNoDnrOnzsDCzPqFKSr3nrTlATL33VRbl%2FZY5lPgAKcXIltNK3NqTE2pgkNW8B29FSYgoVkcFSM5nfG%2BKnDEUKsK1cZarIsSQw%3D&amp;ddkey=https%3Agb%2Fgroceries%2Ffruit-veg%2Fberries-cherries-currants"/>
		    <input type="hidden" name="page" value=""/>
		    <input type="hidden" name="contractId" value=""/>
		    <input type="hidden" name="calculateOrder" value="1"/>
		    <input type="hidden" name="calculationUsage" value="-1,-2,-3"/>
		    <input type="hidden" name="updateable" value="1"/>
		    <input type="hidden" name="merge" value="***"/>
		     
		   	<input type="hidden" name="callAjax" value="false"/>
		   	
		    
		        <input class="button process"  type="submit" name="Add" value="Add" />
			


		</form>
	<!-- END AddToTrolley.jsp -->
        <div class="numberInTrolley hidden numberInTrolley_86862" id="numberInTrolley_86862">
            
        </div>
    
                                        </div>

                                        <!-- BEGIN CatalogEntryRatingsReviewsInfo.jspf --><!-- productAllowedRatingsAndReviews: true -->
    <div class="reviews">
        
            <a class="numberOfReviews" href="//cat.hlserve.com/beacon?fid=425&hl_qs=HJvCTeH84jS51yBiAULaUQzx1hyCHo%2boaPwpoaALkeM%2fLFYSpKJhwBrnDTDzxMijoWKwYUpIL8FgBlBl6rgOZI4S1c2qJnWBZiTQn8KvWRX5y8FCypMR1JRBOsh710khYig8PRfX3L6R6X73vcs4E9w6idqgzEYJY5Ka%2fJsVlxmj%2fRAuR6b3gJJkz63GZ5zT%2fVdwtNwrKLVPhDEkVqDvTJC5I3bzORY%2bOL8%2f%2f5EZiPvU0NDRuB%2fYJFeFoGo8J1pAuBLnOkXlQT9rmxnXnaMvAqZh%2bL%2beSBL7h%2f2QgQvkb92%2bFmA0qgFI5Tq2Oxjb5cgOoIu%2buLBw0cTcZp%2bprE1K3RCxyGFa%2f%2f2HbweGUVFm%2fWuTIpH%2fTeA9IqYo0a80hiWjz0Xr2yXb2r4eISJPoGhsqB2Aylcjwjl3%2bv5pw6x893Ixrk07IH4ySb9OH6dkDuvHeDowN4eLnB9FSqGDV1D%2f2oXoQVsnSxt9Nl%2fwOLWWG%2bPs%2bZuK5L%2fKSVc05S2mOrs2UXK%2bwkO4f6QimYSszI%2fL3qdDInhOCIrNrWH%2bdvBdSwBTxC1UsqwuFUwjIbB9Yqyy9GvxlpsqQqnnJxA855Hnim10Vhn%2bSuuHoTxQ5gb8Aov2NhXGLJTRogwMOSRu9ch%2b%2fV5pfKwzJIdxvwthVOQquaKA0goxufRPM5Mz41cS1xdQsyQj6r9ZDQ4sZ2clTIx8k1M66JE7lbSSxB8aYfS3TAuqiwNdB5f3UVDPC%2blvu9QY%2f1tH%2f8Jy8OCxP8GV%2btmAzMMxBJ%2bvlPztqHzgFir1YpgXq08u%2fpS0SGU91hh7FkrzgRyYx6bG9ODSvIOE0LHqycYNi0qATnHbRyF98mfcnFNzdkDmHT0LbDJkYiEOIH4EtKzJzNIHtEUiYtlxjXcyBJ8ml7jaQBy2kujPOcb9M%2f0MnvznofDEnXMTd4sLbk9JqUTqqzPc8dVHQui17juiH7XtgRtu9gXcbJHQCgj%2fFzS8k629nyYYs6zp2W4ZEPsnIP47y7F2zd1PElWpHN4WqywGETB6Vk702GjJbNp76YT3ZWrIJUKDwF%2bycPNT1ZIxeC1TPSDlRzmqphUfSMH%2fuCGXf6JW1S%2f9PbDLQ3mDE6ia0oQ6Q%2bOtEM8qKf6Rg1Hs0RnuJ4XLOdi6RlFoo0T6lfzg4g53VHGQCex5HRJxbm6GFTfAx02%2fysHeQDNbtkXcUP6uQDFmhY1L38L4TXwnQqnmWxf9ER2h7smIcClZNw%3d%3d&ev=1&action=click&impressionpid=7f5fe538-6621-4ed1-92a5-7378213ded6c&rn=179812651&hmguid=bedcf899-0c3e-45e3-a33a-349d04620eea&dest=https%3a%2f%2fwww.sainsburys.co.uk%2fshop%2fgb%2fgroceries%2fguinness-draught-10x440ml-%252841%2525-abv%2529#reviews" >
                <img src="//www.sainsburys.co.uk/wcsstore7.28.113/SainsburysStorefrontAssetStore/img/stars/rating-5_0.gif" alt="5.0" border="0"/>&nbsp; 
                Reviews (1)
            </a>
        
    </div>
<!-- END CatalogEntryRatingsReviewsInfo.jspf -->
                                   </div>
                               <!-- Start AddToSubscriptionList.jspf --><!-- Start AddToSubscriptionList.jsp --><!-- End AddToSubscriptionList.jsp --><!-- End AddToSubscriptionList.jspf -->     
                    </div>
                            
                    
                </div>     
            </div>
            <!--ThumbnailRestriction --><!-- END CatalogEntryThumbnailDisplay.jsp -->
	              </li>
	                     
        </ul>
    
</div>
<!-- END HookLogicTileListDisplay.jsp -->    
        </div>
    <!-- END ShelfDisplay.jsp --><!-- ********************* ZDAS ESpot Display Start ********************** -->
            <div class="section eSpotContainer bottomESpots">
                <!-- Left POD ESpot Name = Z_Default_Espot_Content -->
                <!-- START ZDASPODDisplay.jsp -->

<div id="sitecatalyst_ESPOT_NAME_Z_Default_Espot_Content" class="siteCatalystTag">Z_Default_Espot_Content</div>

<!-- START MarketingSpotActivityDataDisplay.jspf --><!-- END MarketingSpotActivityDataDisplay.jspf --><!-- END ZDASPODDisplay.jsp -->
             </div>   
             
              
                
              <div class="section eSpotContainer bottomESpots">   
	                <!--  Middle POD Espot Name = Z_Default_Espot_Content -->
	                      <!-- START ZDASPODDisplay.jsp -->

<div id="sitecatalyst_ESPOT_NAME_Z_Default_Espot_Content" class="siteCatalystTag">Z_Default_Espot_Content</div>

<!-- START MarketingSpotActivityDataDisplay.jspf --><!-- END MarketingSpotActivityDataDisplay.jspf --><!-- END ZDASPODDisplay.jsp -->
                </div>
            <!-- ********************* ZDAS ESpot Display End ********************** -->
        </div>
        <!-- content End --><!-- auxiliary Start -->
        <div class="aside" id="auxiliary">
            <!-- BEGIN RightHandSide.jspf -->
<div id="auxiliaryDock">
    <!-- BEGIN RightHandSide.jsp -->

<div class="panel loginPanel">
	
    <div id="sitecatalyst_ESPOT_NAME_NZ_Welcome_Back_RHS_Espot" class="siteCatalystTag">NZ_Welcome_Back_RHS_Espot</div>

                    
	<h2>Already a customer?</h2>
    <form name="signIn" method="post" action="LogonView" id="Rhs_signIn">
        <input type="hidden" name="storeId" value="10151"/>
        <input type="hidden" name="langId" value="44"/>
        <input type="hidden" name="catalogId" value="10123"/>
        <input type="hidden" name="URL" value="https://www.sainsburys.co.uk/webapp/wcs/stores/servlet/CategoryDisplay?langId=44&storeId=10151&krypto=a4fbIjhxfybI80CD44glFW73Nj%2Bz4ok1m6NR%2BZsiJOs%2FNPEHvw1E0jqVVURQ4szeMYVgEQZ8OaNoDnrOnzsDCzPqFKSr3nrTlATL33VRbl%2FZY5lPgAKcXIltNK3NqTE2pgkNW8B29FSYgoVkcFSM5nfG%2BKnDEUKsK1cZarIsSQw%3D&ddkey=https%3Agb%2Fgroceries%2Ffruit-veg%2Fberries-cherries-currants"/>
        <input type="hidden" name="logonCallerId" value="LogonButton"/>
        <input type="hidden" name="errorViewName" value="CategoryDisplayView"/>
        <input class="button process" type="submit" value="Log in" />
    </form>
    
	<div class="panelFooter">
		<p class="register">Not yet registered? 
		<a class="callToAction" name="register" href="https://www.sainsburys.co.uk/shop/PostcodeCheckView?catalogId=10122&currentPageUrl=https%3A%2F%2Fwww.sainsburys.co.uk%2Fwebapp%2Fwcs%2Fstores%2Fservlet%2FCategoryDisplay%3FlangId%3D44%26storeId%3D10151%26krypto%3Da4fbIjhxfybI80CD44glFW73Nj%252Bz4ok1m6NR%252BZsiJOs%252FNPEHvw1E0jqVVURQ4szeMYVgEQZ8OaNoDnrOnzsDCzPqFKSr3nrTlATL33VRbl%252FZY5lPgAKcXIltNK3NqTE2pgkNW8B29FSYgoVkcFSM5nfG%252BKnDEUKsK1cZarIsSQw%253D%26ddkey%3Dhttps%253Agb%252Fgroceries%252Ffruit-veg%252Fberries-cherries-currants&langId=44&storeId=10151"> Register Now</a></p>
	</div>
</div>
<div class="panel imagePanel checkPostCodePanel" id="checkPostCodePanel">
	
    <div id="sitecatalyst_ESPOT_NAME_NZ_Do_We_Deliver_To_You_Espot" class="siteCatalystTag">NZ_Do_We_Deliver_To_You_Espot</div>

        <h2>New customer?</h2>
    

    <p>Enter your postcode to check we deliver in your area.</p>
    
    
      <div id="PostCodeMessageArea" class="errorMessage" style="display:none;">
      </div>
    
	<form name="CheckPostCode" method="post" action="/webapp/wcs/stores/servlet/CheckPostCode" id="Rhs_checkPostCode">
		<input type="hidden" name="langId" value="44"/>
		<input type="hidden" name="storeId" value="10151"/>
		<input type="hidden" name="currentPageUrl" value="https://www.sainsburys.co.uk/webapp/wcs/stores/servlet/CategoryDisplay?langId=44&amp;storeId=10151&amp;krypto=a4fbIjhxfybI80CD44glFW73Nj%2Bz4ok1m6NR%2BZsiJOs%2FNPEHvw1E0jqVVURQ4szeMYVgEQZ8OaNoDnrOnzsDCzPqFKSr3nrTlATL33VRbl%2FZY5lPgAKcXIltNK3NqTE2pgkNW8B29FSYgoVkcFSM5nfG%2BKnDEUKsK1cZarIsSQw%3D&amp;ddkey=https%3Agb%2Fgroceries%2Ffruit-veg%2Fberries-cherries-currants"/>
         
            <input type="hidden" name="currentViewName" value="CategoryDisplayView"/>
        
		<input type="hidden" name="messageAreaId" value="PostCodeMessageArea"/>
		
		<div class="field">
			<div class="indicator">
				<label class="access" for="postCode">Postcode</label>
			</div>
			<div class="input">
				<input type="text" name="postCode" id="postCode" maxlength="8" value="" />
			</div>
		</div>
		<div class="actions">
			<input class="button primary process" type="submit" value="Check postcode"/>
		</div>      
	</form>
</div>
<!-- END RightHandSide.jsp --><!-- BEGIN MiniShopCartDisplay.jsp --><!-- If we get here from a generic error this service will fail so we need to catch the exception -->
		<div class="panel infoPanel">
			<span class="icon infoIcon"></span>
		   	<h2>Important Information</h2>
			<p>Alcohol pricing & promotions for customers served from our Scottish stores may differ from those shown when browsing our site. Please log in to see the full range of alcohol prices & promotions available to you.</p>
		</div>
	<!-- END MiniShopCartDisplay.jsp -->
</div>
<!-- END RightHandSide.jspf -->
        </div>
        <!-- auxiliary End -->
    </div>
    <!-- Main Area End --><!-- Footer Start --><!-- BEGIN LayoutContainerBottom.jspf --><!-- BEGIN FooterDisplay.jspf -->


<div id="globalFooter" class="footer">
    
    <ul class="footerLinkList">
	    <li>
	       
	       <a href="https://privacy-hub.sainsburys.co.uk/privacy-policy">Privacy policy</a>
	    </li>
	    <li>
	       
	       <a href="https://privacy-hub.sainsburys.co.uk/cookie-policy">Cookie policy</a>
	    </li>
	    <li>
	       
	       <a href="https://help.sainsburys.co.uk/help/website/terms-conditions-acceptance">Terms &amp; conditions</a>
	    </li>
	    <li>
	       
	       <a href="https://help.sainsburys.co.uk/help/website/our-commitment">Accessibility</a>
	    </li>
	    <li>
	       
	       <a href="https://help.sainsburys.co.uk/help/">Help Centre</a>
	    </li>
        <li>
           
           <a href="https://help.sainsburys.co.uk/help/how_to_contact_us">Contact us</a>
        </li>
    </ul>
    
</div>

<!-- END FooterDisplay.jspf --><!-- END LayoutContainerBottom.jspf --><!-- Footer Start End -->
    </div>
    <!--// End #page  --><!-- Bright Tagger start -->

	<div id="sitecatalyst_ws" class="siteCatalystTag"></div>
	
    <script type="text/javascript">
        var brightTagStAccount = 'sp0XdVN';
    </script>
    <noscript>
        <iframe src="//s.thebrighttag.com/iframe?c=sp0XdVN" width="1" height="1" frameborder="0" scrolling="no" marginheight="0" marginwidth="0"></iframe>
    </noscript>
<!-- Bright Tagger End -->
 <script type="text/javascript">
 (function(){
 
    
    
        digitalData.page = {pageInfo:{},events:[]}; //If there is no event then create an event array
    
        var pageName = '' ? document.body.id+':':document.body.id; digitalData.page.pageInfo.pageName =pageName;
        var breadCrumb = document.querySelectorAll('#breadcrumbNavList > li > a,#breadcrumbNavList > li > strong,#breadcrumbNavList > li > span > strong');
        var element = [];
        var level;
        for (var i=0,il=breadCrumb.length; i<il; i++) {
            element.push(breadCrumb[i].textContent.trim());
            if (i == 0) {
                level = 'Zone';
            } else if (i == 1) {
                level = 'Department';
            } else if (i == 2) {
                level = 'Aisle';
            } else if(i == 3) {
                level = 'Shelf';
            }
        }
        var bElement = element ? element.join('::'):'';
        
    
                if (bElement.length > 0 && bElement.trim()) { 
                    digitalData.page.pageInfo.breadCrumbs = 'Groceries::' + bElement;
                }
        
    
    digitalData.page.pageInfo.lang = 'en-gb';
    digitalData.page.pageInfo.rendering = 'web';
    
    var messagesDD;
    
    
	    digitalData.user = {
	        profile : {
	            profileInfo : {
	                websphereId : '',
	                deliveryPostcode: '',
	                deliveryStoreId: '',
	                deliverySlot: '',
	                deliveryCost: '',
	                deliveryOption: '',
	                deliveryType: '',
	                shoppingmode: '',
	                isSameDay: '',
	                blueMartini:''
	            }
	        } 
	    };
    
        
})();

/** -- START: Tealium Universal Tag -- **/
(function(a,b,c,d){ a='//tags.tiqcdn.com/utag/sainsburys/groceries/prod/utag.js'; b=document;c='script';d=b.createElement(c);d.src=a; d.type='text/java'+c;d.async=true; a=b.getElementsByTagName(c)[0];a.parentNode.insertBefore(d,a) })();
/** -- END: Tealium Universal Tag -- **/

</script>
<!-- Peerius Analytics start -->
    <script type="text/javascript">
     (function(){
        digitalData.thirdPartyData = {peeriusData:[]};
        digitalData.thirdPartyData.peeriusData = digitalData.thirdPartyData.peeriusData || [];
        var userId = digitalData.user.profile.profileInfo.websphereId.trim();
        var emailVal = '';
        if (userId.length > 0) {
            emailVal = userId + '@sainsburys.co.uk';
        }    
        
        peeriusObj = {
             recContent: 'refCodeOnly',
             user: {
                 email: emailVal
             }
        }; 
        digitalData.thirdPartyData.peeriusData.push(peeriusObj);
       
     })();
     
    
    </script>
    
    <script type="text/JavaScript" src="//sainsburysgroceries.peerius.com/tracker/peerius.page" charset="UTF-8"></script>
<!-- Peerius Analytics End -->
    
</body>
</html>

<!-- END CategoriesDisplay.jsp -->