<!DOCTYPE html>
<html class="noJs" xmlns:wairole="http://www.w3.org/2005/01/wai-rdf/GUIRoleTaxonomy#" xmlns:waistate="http://www.w3.org/2005/07/aaa" lang="en" xml:lang="en">
<!-- BEGIN CategoriesDisplay.jsp -->
<head>
    <title>Berries, Cherries &amp; Currants  | Sainsbury&#039;s</title>
    <meta name="description" content="Buy from our berries, cherries &amp; currants   range. Choose from 1 hour delivery slots and collect Nectar points online today. Buy online today."/>
    <meta name="keyword" content=""/>
    <link rel="canonical" href="https://www.sainsburys.co.uk/shop/gb/groceries/fruit-veg/berries-cherries-currants" />
    <!-- BEGIN CommonCSSToInclude.jspf --><!--[if IE 8]>
    <link type="text/css" href="//www.sainsburys.co.uk/wcsstore7.28.113/SainsburysStorefrontAssetStore/css/main-ie8.min.css" rel="stylesheet" media="all" />
	<![endif]-->

    <!--[if !IE 8]><!-->
   
    <link type="text/css" href="//www.sainsburys.co.uk/wcsstore7.28.113/SainsburysStorefrontAssetStore/css/main.min.css" rel="stylesheet" media="all" />
    <!--<![endif]-->
 
    
            <link type="text/css" href="https://cmscdn.sainsburys.co.uk/solContent/.resources/sainsburysTemplates/webresources/dist/main/espot.main.min.css" rel="stylesheet" media="all" />
        
            <link type="text/css" href="https://cmscdn.sainsburys.co.uk/solContent/.resources/sainsburysCSSOverride/webresources/css/espot.override.min.css" rel="stylesheet" media="all" />
        
	<link type="text/css" href="//www.sainsburys.co.uk/wcsstore7.28.113/SainsburysStorefrontAssetStore/wcassets/groceries/css/espot.css" rel="stylesheet" media="all" />
	<link type="text/css" href="//www.sainsburys.co.uk/wcsstore7.28.113/SainsburysStorefrontAssetStore/css/print.css" rel="stylesheet" media="print"/>	
<!-- END CommonCSSToInclude.jspf --><!-- BEGIN CommonJSToInclude.jspf -->
<meta name="CommerceSearch" content="storeId_10151" />



<script type="text/javascript">  
    var _deliverySlotInfo = {                          
            expiryDateTime: '',
            currentDateTime: 'June 16,2018 15:48:26',
            ajaxCountDownUrl: 'CountdownDisplayView?langId=44&amp;storeId=10151',
            ajaxExpiredUrl: 'DeliverySlotExpiredDisplayView?langId=44&amp;storeId=10151&amp;currentPageUrl=https%3a%2f%2fwww.sainsburys.co.uk%2fwebapp%2fwcs%2fstores%2fservlet%2fCategoryDisplay%3flangId%3d44%26storeId%3d10151%26krypto%3dD32KOcKfYA4Hvwso0i753dr1iIhAu0csku86SmELgEaQR9P8v2A2%252BPZCDQQrPknP4Jh5LpA5Os8C3TablW9eBLENLKFCZpf1CNYh6SDvSCqy9lZtSpAyelxddGfuzkoi8%252BSG2DgbdPE7xxt%252FzuYP88giPluAtHbXE1k%252Fds2ZCyc%253D%26ddkey%3dhttps%253Agb%252Fgroceries%252Ffruit-veg%252Fberries-cherries-currants&amp;AJAXCall=true'
        }
    var _amendOrderSlotInfo = {                          
            expiryDateTime: '',
            currentDateTime: 'June 16,2018 15:48:26',
            ajaxAmendOrderExpiryUrl: 'AjaxOrderAmendSlotExpiryView?langId=44&amp;storeId=10151&amp;currentPageUrl=https%3a%2f%2fwww.sainsburys.co.uk%2fwebapp%2fwcs%2fstores%2fservlet%2fCategoryDisplay%3flangId%3d44%26storeId%3d10151%26krypto%3dD32KOcKfYA4Hvwso0i753dr1iIhAu0csku86SmELgEaQR9P8v2A2%252BPZCDQQrPknP4Jh5LpA5Os8C3TablW9eBLENLKFCZpf1CNYh6SDvSCqy9lZtSpAyelxddGfuzkoi8%252BSG2DgbdPE7xxt%252FzuYP88giPluAtHbXE1k%252Fds2ZCyc%253D%26ddkey%3dhttps%253Agb%252Fgroceries%252Ffruit-veg%252Fberries-cherries-currants'
        }    
    var _commonPageInfo = {
        currentUrl: 'https://www.sainsburys.co.uk/webapp/wcs/stores/servlet/CategoryDisplay?langId=44&amp;storeId=10151&amp;krypto=D32KOcKfYA4Hvwso0i753dr1iIhAu0csku86SmELgEaQR9P8v2A2%2BPZCDQQrPknP4Jh5LpA5Os8C3TablW9eBLENLKFCZpf1CNYh6SDvSCqy9lZtSpAyelxddGfuzkoi8%2BSG2DgbdPE7xxt%2FzuYP88giPluAtHbXE1k%2Fds2ZCyc%3D&amp;ddkey=https%3Agb%2Fgroceries%2Ffruit-veg%2Fberries-cherries-currants',
        storeId: '10151',
        langId: '44',
        catalogId: '10123',
        slot: '',
        cache: ''   
    }
</script>

        <script type="text/javascript">
	    var _rhsCheckPostCodeRuleset = {                          
	          postCode: {
	                isEmpty: {
	                      param: true,
	                      text: 'Sorry, we couldn&#39;t recognise that postcode. Please try again.',
	                      msgPlacement: "#checkPostCodePanel #Rhs_checkPostCode .field",
	                      elemToAddErrorClassTo: "#checkPostCodePanel #Rhs_checkPostCode .field"
	                },
	                minLength: {
	                      param: 5,
	                      text: 'Sorry, this entry must be between 5 to 8 characters long.',
	                      msgPlacement: "#checkPostCodePanel #Rhs_checkPostCode .field",
	                      elemToAddErrorClassTo: "#checkPostCodePanel #Rhs_checkPostCode .field"
	                },
	                isPostcode: {
	                      param: true,
	                      text: 'Sorry, we couldn&#39;t recognise that postcode. Please try again.',
	                      msgPlacement: "#checkPostCodePanel #Rhs_checkPostCode .field",
	                      elemToAddErrorClassTo: "#checkPostCodePanel #Rhs_checkPostCode .field"
	                }
	          }
	    }
	    </script>
    
<script type="text/javascript">
      var typeAheadTrigger = 2;
</script>



<script type="text/javascript" data-dojo-config="isDebug: false, useCommentedJson: true,locale: 'en-gb', parseOnLoad: true, dojoBlankHtmlUrl:'/wcsstore/SainsburysStorefrontAssetStore/js/dojo.1.7.1/blank.html'" src="//www.sainsburys.co.uk/wcsstore7.28.113/SainsburysStorefrontAssetStore/js/dojo.1.7.1/dojo/dojo.js"></script>


<script type="text/javascript">"undefined"==typeof digitalData&&(digitalData={event:[]}),digitalData.event.push=function(){for(var t=0,e=arguments.length;e>t;t++)this[this.length]=arguments[t];var n="s_"+arguments[0].eventInfo.eventName;if(void 0!=n){var a=null;try{a=new Event(n,{bubbles:!0,cancelable:!1})}catch(i){a=document.createEvent("Event"),a.initEvent(n,!0,!1)}document.addEventListener?document.addEventListener(n,function(t){},!1):document.attachEvent(n,function(t){}),document.dispatchEvent(a)}return this.length};</script>
<script type="text/javascript" src="//www.sainsburys.co.uk/wcsstore7.28.113/SainsburysStorefrontAssetStore/js/sainsburys.js"></script>


<script type="text/javascript">require(["dojo/parser", "dijit/layout/AccordionContainer", "dijit/layout/ContentPane", "dojox/widget/AutoRotator", "dojox/widget/rotator/Fade"]);</script>
<script type="text/javascript" src="//www.sainsburys.co.uk/wcsstore7.28.113/SainsburysStorefrontAssetStore/wcassets/groceries/scripts/page/faq.js"></script>



    <style id="antiCJ">.js body{display:none !important;}</style>
    <script type="text/javascript">if (self === top) {var antiCJ = document.getElementById("antiCJ");antiCJ.parentNode.removeChild(antiCJ);} else {top.location = self.location;}</script>


<script type="text/javascript" src="//www.sainsburys.co.uk/wcsstore7.28.113/SainsburysStorefrontAssetStore/psp247/247tag.PROD.js" async="true"></script>

<!-- Maxymiser script start -->
<script type="text/javascript" src="//service.maxymiser.net/cdn/sainsburyscoUK/js/mmcore.js">
</script>
<!-- Maxymiser script end --><!-- END CommonJSToInclude.jspf -->
</head>

<body id="shelfPage" class="shelfPage">
<div id="page">
    <!-- BEGIN StoreCommonUtilities.jspf --><!-- END StoreCommonUtilities.jspf --><!-- Header Nav Start --><!-- BEGIN LayoutContainerTop.jspf --><!-- BEGIN HeaderDisplay.jspf --><!-- BEGIN CachedHeaderDisplay.jsp -->

<ul id="skipLinks">
    <li><a href="#content">Skip to main content</a></li>
    <li><a href="#groceriesNav">Skip to groceries navigation menu</a></li>
    
</ul>

<div id="globalHeaderContainer">
    <div class="header globalHeader" id="globalHeader">
        <div class="globalNav">
	<ul>
		<li>		
			<a href="http://www.sainsburys.co.uk">
			    Explore more at Sainsburys.co.uk
			</a>
		</li>
		<li>
			<a href="http://help.sainsburys.co.uk" rel="external" class="helpCentre">
			    
                Help Centre 
			</a>
		</li>
		<li>
			<a href="http://stores.sainsburys.co.uk" rel="external" class="soteLocator">
                Store Locator 
			</a>
		</li>
		<li class="loginRegister">
			 
				    
					<a href="https://www.sainsburys.co.uk/shop/LogonView?catalogId=10123&logonCallerId=LogonButton&langId=44&storeId=10151&URL=https%3A%2F%2Fwww.sainsburys.co.uk%2Fshop%2FMyAccount%3FlangId%3D44%26storeId%3D10151" class="login">
						
                        Log in 
					</a>
					<span class="navSeparator"></span>
					<a href="https://www.sainsburys.co.uk/shop/PostcodeCheckView?catalogId=10123&currentPageUrl=http%3A%2F%2Fwww.sainsburys.co.uk%2Fshop%2FProductDisplay%3FcatalogId%3D10123%26level%3D2%26errorViewName%3DProductDisplayErrorView%26langId%3D44%26categoryId%3D12553%26productId%3D138232%26storeId%3D10151&langId=44&storeId=10151" class="register">
                        
                        Register 
                    </a>
				
<div class="globalHeaderTrolleyLink">
        
     
     <a id="checkoutLink" href="https://www.sainsburys.co.uk/shop/OrderCalculate?updatePrices=1&calculationUsage=-1%2C-2%2C-3&errorViewName=AjaxOrderItemDisplayView&orderId=.&langId=44&storeId=10151&URL=AjaxOrderItemDisplayView" class="">
        <span id="itemsInTrolleyContainer" class="itemsInTrolley  hidden ">
            <span id="itemsInTrolley">0</span><span class="access">&nbsp;items in trolley</span>
        </span>
		
        <span class="subTotal">
            <span class="access">Sub-total: </span><span id="trolleySubTotal" class="">Â£0.00</span><span class="access">&nbsp;excluding delivery charge</span>
        </span>        
        <span id="trolleyIcon" class="trolleyIcon "></span>        
        
        <span class="access">
            Full trolley
        </span>
     </a>
</div>
 
		</li>
	</ul>
</div>

	    <div class="globalHeaderLogoSearch">
	        <!-- BEGIN LogoSearchNavBar.jspf -->

<a href="http://www.sainsburys.co.uk/shop/gb/groceries" class="mainLogo"><img src="/wcsstore/SainsburysStorefrontAssetStore/img/logo_sainsburys.svg" alt="Sainsbury's" /></a>
<a class="findMultiProduct" href="https://www.sainsburys.co.uk/shop/ShoppingListDisplay?catalogId=10123&action=ShoppingListDisplay&urlLangId=&langId=44&storeId=10151">Multi-product search</a>

<!-- END LogoSearchNavBar.jspf -->
        </div>
        <div id="groceriesNav" class="groceriesNav">
            <div class="mainNavBlock">
            
	            <ul class="mainNav">
	                <li class="mainNavItem" id="groceriesTopMenu">
	                    
	                            <a class="mainNavLink active" href="https://www.sainsburys.co.uk/shop/gb/groceries">Groceries<span id="mainNavArrow" class="mainNavArrowIconDown"></span></a>
	                        
	                </li> 
	                <li class="mainNavItem">
	                    
                <a class="mainNavLink" href="https://www.sainsburys.co.uk/shop/gb/groceries/favourites">Favourites</a>
            
	                      
	                </li>
	                <li class="mainNavItem">
	                    
	                          <a class="mainNavLink" href="https://www.sainsburys.co.uk/shop/gb/groceries/great-offers">Great Prices</a>
	                        
	                </li>
	                <li class="mainNavItem">
	                    
	                           <a class="mainNavLink" href="https://www.sainsburys.co.uk/shop/gb/groceries/discover">Discover</a>
	                        
	                </li>
	                
	                <li class="mainNavItem">
	                    
	                           <a class="mainNavLink" href="http://recipes.sainsburys.co.uk">Recipes</a>
	                        
	                </li>
	                
	                <li class="mainNavItem">
	                
		                    <a class="mainNavLink" href="/shop/gb/saver" target="_blank" >Delivery Pass</a>
		                
	                </li>
	                
		                <li class="mainNavItem">
	                        
	                                <a class="mainNavLink" href="https://www.sainsburys.co.uk/shop/gb/groceries/new---trending/fathers-day-?shoppingAreaId=Father&#039;s Day">Father&#039;s Day</a>                            
	                            
		                </li>
	                
	            </ul>
	            <div class="searchBox" role="search">
				    

    <form name="sol_search" method="get" action="SearchDisplay" id="globalSearchForm">

        <input type="hidden" name="viewTaskName" value="CategoryDisplayView" />
        <input type="hidden" name="recipesSearch" value="true" />
        <input type="hidden" name="orderBy" value="RELEVANCE" />

        
              <input type="hidden" name="favouritesSelection" value="0"/>
          
              <input type="hidden" name="langId" value="44"/>
          
              <input type="hidden" name="storeId" value="10151"/>
          
        
        <label for="search" class="access">Search for products</label>
        <input type="search" name="searchTerm" id="search" maxlength="150" value="" autocomplete="off" placeholder="Search products" />
        <button type="button" id="clearSearch" class="clearSearch hidden">Clear the search field</button>
        <input type="submit" class="" name="searchSubmit" id="searchSubmit" value="Search" />
    </form>
  
				
				</div>
			</div>
            
			    <div id="megaNavOverlay" class="megaNavOverlay hidden">
			        

 <div class="megaNav" id="groceriesNavMenu">
 
    <div class="megaNavMobileActions hidden" id="megaNavMobileActions">
	    
        <a class="buttonSecondary myAccountLink" href="https://www.sainsburys.co.uk/shop/MyAccount?langId=44&storeId=10151">
            My account
        </a>
        <div class="separator"></div>
        
        <a class="buttonSecondary logoutLink" href="https://www.sainsburys.co.uk/shop/preLogOff?catalogId=10123&previousPageUrl=http%3A%2F%2Fwww.sainsburys.co.uk%2Fshop%2FProductDisplay%3FcatalogId%3D10123%26level%3D2%26errorViewName%3DProductDisplayErrorView%26langId%3D44%26categoryId%3D12553%26productId%3D138232%26storeId%3D10151&langId=44&storeId=10151&logOutClicked=true">
            Log out
        </a>
	       
    </div>
    
    
    <div class="megaNavInner" id="megaNavInner">
        <ul class="megaNavList megaNavLevelZero hidden" id="megaNavLevelZero">
            <li class="megaNavListItem listHeader">
                <div class="megaNavLink">Browse</div>
            </li>
            <li class="megaNavListItem" id="groceriesLevelZeroLink">
                <a class="megaNavLink">Groceries<span class="megaNavArrowIcon"></span></a>
            </li>
            
                <li class="megaNavListItem">
                    <a class="megaNavLink" href="LogonView?fromFooterMyAccountLink=true&logonCallerId=LogonButton&isDeliveryPoscodeValid=false&storeId=10151&URL=">Favourites</a>
                </li>
              
            <li class="megaNavListItem">
                <a class="megaNavLink" href="https://www.sainsburys.co.uk/shop/gb/groceries/great-offers">Great Prices</a>
            </li>
            <li class="megaNavListItem">
                <a class="megaNavLink" href="https://www.sainsburys.co.uk/shop/gb/groceries/discover">Discover</a>
            </li>
            
            <li class="megaNavListItem">
                <a class="megaNavLink" href="http://recipes.sainsburys.co.uk">Recipes</a>
            </li>
            
                    <li class="megaNavListItem">
	                    <a class="megaNavLink" href="https://www.sainsburys.co.uk/shop/PostcodeCheckView?catalogId=10123&currentPageUrl=http%3A%2F%2Fwww.sainsburys.co.uk%2Fshop%2FProductDisplay%3FcatalogId%3D10123%26level%3D2%26errorViewName%3DProductDisplayErrorView%26langId%3D44%26categoryId%3D12553%26productId%3D138232%26storeId%3D10151&langId=44&storeId=10151">Book Delivery</a>
	                </li>
	                 
            <li class="megaNavListItem">
                
                        <a class="megaNavLink" href="/shop/gb/saver" target="_blank" >Delivery Pass</a>
                    
           </li>       
        </ul><!--  
        
        --><ul class="megaNavList megaNavLevelOne " id="megaNavLevelOne">
            <li class="megaNavListItem megaNavBackLinkItemElm hidden" data-itemid="backLinkItem">
                <a class="megaNavLink megaNavBackLink" data-itemid="backLinkItem" href="#"><span class="megaNavleftArrowIcon"></span>Back</a>
            </li>
            <li class="megaNavListItem hidden" id="megaNavGroceriesHomeLinkItem">
                <a class="megaNavLink megaNavGroceriesHomeLink" id="megaNavGroceriesHomeLink" data-itemId="" href="https://www.sainsburys.co.uk/shop/MobileHomeView?langId=44&storeId=10151">Groceries home</span></a>
            </li>
            
            
	             <li class="megaNavListItem" data-itemId="355372" >
	                <a class="megaNavLink "  data-itemId="355372" href="https://www.sainsburys.co.uk/shop/gb/groceries/new---trending?fromMegaNav=1">New & trending<span class="megaNavArrowIcon"></span></a>
	            </li>
	            
                
	             <li class="megaNavListItem" data-itemId="383889" >
	                <a class="megaNavLink "  data-itemId="383889" href="https://www.sainsburys.co.uk/shop/gb/groceries/summer-bbq-?fromMegaNav=1">Summer BBQ<span class="megaNavArrowIcon"></span></a>
	            </li>
	            
                
	             <li class="megaNavListItem" data-itemId="374853" >
	                <a class="megaNavLink "  data-itemId="374853" href="https://www.sainsburys.co.uk/shop/gb/groceries/holiday-shop-?fromMegaNav=1">Holiday shop<span class="megaNavArrowIcon"></span></a>
	            </li>
	            
                
	             <li class="megaNavListItem" data-itemId="12518" >
	                <a class="megaNavLink "  data-itemId="12518" href="https://www.sainsburys.co.uk/shop/gb/groceries/fruit-veg?fromMegaNav=1">Fruit & vegetables<span class="megaNavArrowIcon"></span></a>
	            </li>
	            
                
	             <li class="megaNavListItem" data-itemId="13343" >
	                <a class="megaNavLink "  data-itemId="13343" href="https://www.sainsburys.co.uk/shop/gb/groceries/meat-fish?fromMegaNav=1">Meat & fish<span class="megaNavArrowIcon"></span></a>
	            </li>
	            
                
	             <li class="megaNavListItem" data-itemId="267396" >
	                <a class="megaNavLink "  data-itemId="267396" href="https://www.sainsburys.co.uk/shop/gb/groceries/dairy?fromMegaNav=1">Dairy<span class="megaNavArrowIcon"></span></a>
	            </li>
	            
                
	             <li class="megaNavListItem" data-itemId="267397" >
	                <a class="megaNavLink "  data-itemId="267397" href="https://www.sainsburys.co.uk/shop/gb/groceries/chilled-?fromMegaNav=1">Chilled<span class="megaNavArrowIcon"></span></a>
	            </li>
	            
                
	             <li class="megaNavListItem" data-itemId="12320" >
	                <a class="megaNavLink "  data-itemId="12320" href="https://www.sainsburys.co.uk/shop/gb/groceries/bakery?fromMegaNav=1">Bakery<span class="megaNavArrowIcon"></span></a>
	            </li>
	            
                
	             <li class="megaNavListItem" data-itemId="218831" >
	                <a class="megaNavLink "  data-itemId="218831" href="https://www.sainsburys.co.uk/shop/gb/groceries/frozen-?fromMegaNav=1">Frozen<span class="megaNavArrowIcon"></span></a>
	            </li>
	            
                
	             <li class="megaNavListItem" data-itemId="12422" >
	                <a class="megaNavLink "  data-itemId="12422" href="https://www.sainsburys.co.uk/shop/gb/groceries/food-cupboard?fromMegaNav=1">Food cupboard<span class="megaNavArrowIcon"></span></a>
	            </li>
	            
                
	             <li class="megaNavListItem" data-itemId="340854" >
	                <a class="megaNavLink "  data-itemId="340854" href="https://www.sainsburys.co.uk/shop/gb/groceries/beer-wine-and-spirits-?fromMegaNav=1">Beer, wine & spirits<span class="megaNavArrowIcon"></span></a>
	            </li>
	            
                
	             <li class="megaNavListItem" data-itemId="12192" >
	                <a class="megaNavLink "  data-itemId="12192" href="https://www.sainsburys.co.uk/shop/gb/groceries/drinks?fromMegaNav=1">Drinks<span class="megaNavArrowIcon"></span></a>
	            </li>
	            
                
	             <li class="megaNavListItem" data-itemId="12448" >
	                <a class="megaNavLink "  data-itemId="12448" href="https://www.sainsburys.co.uk/shop/gb/groceries/health-beauty?fromMegaNav=1">Health & beauty<span class="megaNavArrowIcon"></span></a>
	            </li>
	            
                
	             <li class="megaNavListItem" data-itemId="11651" >
	                <a class="megaNavLink "  data-itemId="11651" href="https://www.sainsburys.co.uk/shop/gb/groceries/baby-toddler-products?fromMegaNav=1">Baby & toddler<span class="megaNavArrowIcon"></span></a>
	            </li>
	            
                
	             <li class="megaNavListItem" data-itemId="12564" >
	                <a class="megaNavLink "  data-itemId="12564" href="https://www.sainsburys.co.uk/shop/gb/groceries/household?fromMegaNav=1">Household<span class="megaNavArrowIcon"></span></a>
	            </li>
	            
                
	             <li class="megaNavListItem" data-itemId="12298" >
	                <a class="megaNavLink "  data-itemId="12298" href="https://www.sainsburys.co.uk/shop/gb/groceries/pet?fromMegaNav=1">Pet<span class="megaNavArrowIcon"></span></a>
	            </li>
	            
                
	             <li class="megaNavListItem" data-itemId="281806" >
	                <a class="megaNavLink "  data-itemId="281806" href="https://www.sainsburys.co.uk/shop/gb/groceries/home?fromMegaNav=1">Home & outdoor<span class="megaNavArrowIcon"></span></a>
	            </li>
	            
                
        </ul><!--  

        
        --><ul class="megaNavList megaNavLevelTwo" id="megaNavLevelTwo">
            
        </ul><!--  

        
        --><ul class="megaNavList megaNavLevelThree" id="megaNavLevelThree"></ul><!-- 
        
        
         --><ul class="megaNavList megaNavLevelFour" id="megaNavLevelFour"></ul>
    </div>
</div>
			    </div>
			    <div class="megaNavOverlayMaskElem megaNavOverlayMask hidden" id="megaNavOverlayMask"></div>    
			
                    <p class="access  jsHide">Groceries Categories</p>
                    <hr class=" jsHide"/>
                    <div class="subNav jsHide" >
                        <ul>
                            
                                <li>
                                    
                                            <a href="https://www.sainsburys.co.uk/shop/gb/groceries/new---trending">New &amp; trending</a>
                                         
                                   </li>
                              
                                <li>
                                    
                                            <a href="https://www.sainsburys.co.uk/shop/gb/groceries/summer-bbq-">Summer BBQ</a>
                                         
                                   </li>
                              
                                <li>
                                    
                                            <a href="https://www.sainsburys.co.uk/shop/gb/groceries/holiday-shop-">Holiday shop</a>
                                         
                                   </li>
                              
                                <li>
                                    
                                            <a class="active" href="https://www.sainsburys.co.uk/shop/gb/groceries/fruit-veg">Fruit &amp; vegetables</a>
                                             
                                   </li>
                              
                                <li>
                                    
                                            <a href="https://www.sainsburys.co.uk/shop/gb/groceries/meat-fish">Meat &amp; fish</a>
                                         
                                   </li>
                              
                                <li>
                                    
                                            <a href="https://www.sainsburys.co.uk/shop/gb/groceries/dairy">Dairy</a>
                                         
                                   </li>
                              
                                <li>
                                    
                                            <a href="https://www.sainsburys.co.uk/shop/gb/groceries/chilled-">Chilled</a>
                                         
                                   </li>
                              
                                <li>
                                    
                                            <a href="https://www.sainsburys.co.uk/shop/gb/groceries/bakery">Bakery</a>
                                         
                                   </li>
                              
                                <li>
                                    
                                            <a href="https://www.sainsburys.co.uk/shop/gb/groceries/frozen-">Frozen</a>
                                         
                                   </li>
                              
                                <li>
                                    
                                            <a href="https://www.sainsburys.co.uk/shop/gb/groceries/food-cupboard">Food cupboard</a>
                                         
                                   </li>
                              
                                <li>
                                    
                                            <a href="https://www.sainsburys.co.uk/shop/gb/groceries/beer-wine-and-spirits-">Beer, wine &amp; spirits</a>
                                         
                                   </li>
                              
                                <li>
                                    
                                            <a href="https://www.sainsburys.co.uk/shop/gb/groceries/drinks">Drinks</a>
                                         
                                   </li>
                              
                                <li>
                                    
                                            <a href="https://www.sainsburys.co.uk/shop/gb/groceries/health-beauty">Health &amp; beauty</a>
                                         
                                   </li>
                              
                                <li>
                                    
                                            <a href="https://www.sainsburys.co.uk/shop/gb/groceries/baby-toddler-products">Baby &amp; toddler</a>
                                         
                                   </li>
                              
                                <li>
                                    
                                            <a href="https://www.sainsburys.co.uk/shop/gb/groceries/household">Household</a>
                                         
                                   </li>
                              
                                <li>
                                    
                                            <a href="https://www.sainsburys.co.uk/shop/gb/groceries/pet">Pet</a>
                                         
                                   </li>
                              
                                <li>
                                    
                                            <a href="https://www.sainsburys.co.uk/shop/gb/groceries/home">Home &amp; outdoor</a>
                                         
                                   </li>
                              
                        </ul>
                    </div>
                
        </div>    
        
    </div>
</div>

<!-- Generated on: Sat Jun 16 03:41:02 BST 2018  -->
<!-- END CachedHeaderDisplay.jsp --><!-- END HeaderDisplay.jspf --><!-- END LayoutContainerTop.jspf --><!-- Header Nav End --><!-- Main Area Start -->
    <div id="main">
        <!-- Content Start -->
        <div class="article" id="content">
            <!--  START BreadCrumbTrailDisplay.jsp -->
                  <div class="nav breadcrumb" id="breadcrumbNav">
                    <p class="access">You are here:</p>  
                    <ul id="breadcrumbNavList">
                        
<li class="first"><span class="corner"></span><a href="https://www.sainsburys.co.uk/shop/gb/groceries/fruit-veg"><span>Fruit & vegetables</span></a>
    
        <span class="arrow"></span>
    
    <div>
        <p>Select an option:</p>
        <ul>
            
                <li><a href="https://www.sainsburys.co.uk/shop/gb/groceries/fruit-veg/eat-the-rainbow">Eat the rainbow</a></li>
            
                <li><a href="https://www.sainsburys.co.uk/shop/gb/groceries/fruit-veg/top-sellers">Top sellers</a></li>
            
                <li><a href="https://www.sainsburys.co.uk/shop/gb/groceries/fruit-veg/new-in-season">Best in season</a></li>
            
                <li><a href="https://www.sainsburys.co.uk/shop/gb/groceries/fruit-veg/flowers---seeds">Flowers & plants</a></li>
            
                <li><a href="https://www.sainsburys.co.uk/shop/gb/groceries/fruit-veg/carb-alternatives">Carb alternatives</a></li>
            
                <li><a href="https://www.sainsburys.co.uk/shop/gb/groceries/fruit-veg/fresh-fruit">Fresh fruit</a></li>
            
                <li><a href="https://www.sainsburys.co.uk/shop/gb/groceries/fruit-veg/fresh-vegetables">Fresh vegetables</a></li>
            
                <li><a href="https://www.sainsburys.co.uk/shop/gb/groceries/fruit-veg/fresh-salad">Fresh salad</a></li>
            
                <li><a href="https://www.sainsburys.co.uk/shop/gb/groceries/fruit-veg/fresh-herbs-ingredients">Fresh herbs & ingredients</a></li>
            
                <li><a href="https://www.sainsburys.co.uk/shop/gb/groceries/fruit-veg/prepared-ready-to-eat">Prepared fruit, veg & salad</a></li>
            
                <li><a href="https://www.sainsburys.co.uk/shop/gb/groceries/fruit-veg/organic">Organic</a></li>
            
                <li><a href="https://www.sainsburys.co.uk/shop/gb/groceries/fruit-veg/taste-the-difference-185761-44">Taste the Difference</a></li>
            
                <li><a href="https://www.sainsburys.co.uk/shop/gb/groceries/fruit-veg/fruit-veg-fairtrade">Fairtrade</a></li>
            
                <li><a href="https://www.sainsburys.co.uk/shop/gb/groceries/fruit-veg/frozen-fruit---vegetables">Frozen fruit & vegetables</a></li>
            
        </ul>
    </div>
</li>

            <li class="second"><a href="https://www.sainsburys.co.uk/shop/gb/groceries/fruit-veg/fresh-fruit"><span>Fresh fruit</span></a> <span class="arrow"></span>
                <div>
                <p>Select an option:</p>
                    <ul>
                        
                            <li><a href="https://www.sainsburys.co.uk/shop/gb/groceries/fruit-veg/all-fruit">All fruit</a></li>
                        
                            <li><a href="https://www.sainsburys.co.uk/shop/gb/groceries/fruit-veg/ripe---ready">Ripe & ready</a></li>
                        
                            <li><a href="https://www.sainsburys.co.uk/shop/gb/groceries/fruit-veg/bananas-grapes">Bananas & grapes</a></li>
                        
                            <li><a href="https://www.sainsburys.co.uk/shop/gb/groceries/fruit-veg/apples-pears-rhubarb">Apples, pears & rhubarb</a></li>
                        
                            <li><a href="https://www.sainsburys.co.uk/shop/gb/groceries/fruit-veg/berries-cherries-currants">Berries, cherries & currants</a></li>
                        
                            <li><a href="https://www.sainsburys.co.uk/shop/gb/groceries/fruit-veg/citrus-fruit">Citrus fruit</a></li>
                        
                            <li><a href="https://www.sainsburys.co.uk/shop/gb/groceries/fruit-veg/nectarines-plums-apricots-peaches">Nectarines, plums, apricots & peaches</a></li>
                        
                            <li><a href="https://www.sainsburys.co.uk/shop/gb/groceries/fruit-veg/melon-pineapple-kiwi">Kiwi & pineapple</a></li>
                        
                            <li><a href="https://www.sainsburys.co.uk/shop/gb/groceries/fruit-veg/melon---mango">Melon & mango</a></li>
                        
                            <li><a href="https://www.sainsburys.co.uk/shop/gb/groceries/fruit-veg/mango-exotic-fruit-dates-nuts">Papaya, pomegranate & exotic fruit</a></li>
                        
                            <li><a href="https://www.sainsburys.co.uk/shop/gb/groceries/fruit-veg/dates--nuts---figs">Dates, nuts & figs</a></li>
                        
                            <li><a href="https://www.sainsburys.co.uk/shop/gb/groceries/fruit-veg/ready-to-eat">Ready to eat fruit</a></li>
                        
                            <li><a href="https://www.sainsburys.co.uk/shop/gb/groceries/fruit-veg/organic-fruit">Organic fruit</a></li>
                        
                            <li><a href="https://www.sainsburys.co.uk/shop/gb/groceries/fruit-veg/special-offers-279819-44">Special offers</a></li>
                        
                    </ul>
                </div>
            </li>
        
    <li class="third"><a href="https://www.sainsburys.co.uk/shop/gb/groceries/fruit-veg/berries-cherries-currants"><span>Berries, cherries & currants</span></a>
        
    </li>
    
                    </ul>
                  </div>
                <!--  END BreadCrumbTrailDisplay.jsp --><!-- BEGIN MessageDisplay.jspf --><!-- END MessageDisplay.jspf --><!--  getting ready for shelf import  --><!-- BEGIN ShelfDisplay.jsp -->
	       <script type="text/javascript">
	           var image = document.createElement('img')
	           image.src = '//b.hlserve.com/beacon?fid=425&hl_qs=jvaKtwU%2bWK83JGRCYbfQjzynshNXFBSws124ZgXYC4aY%2bdO23gHBAlCXs2Tz2dguWPRNftTbJigJWfIzXVCvso84NGmsaGycWvE9AnAPrjfZdMg7y%2bD%2bZduzPeZD9Ivp%2fKStDUy%2fFKcykWX98ldA2qXs7cXoRlquHox4QGI81ogd1VgX4GffYYtz2tOF14GuE5nqpquQABiGQ%2bE1DRtuKE38wBSPfdZuM1cy0SqK1PIX1mz1pvGUXGN3b5jZlKEa7FSLCNl35154brys%2fc3A92qjTUu1GsI9hBc2Q0dXhn9pekDMLX2osmNE2yn1hIBeTUybbJwdeEWUg%2fzFhh6RJs2U3OF6AHccUri6ZMav95itSQ3TkZqkA45%2bKku8rylAMWkIBCaBgLTGtYKuk1MvMlsDYjMDwb1dOP1SRQfeDtBD0ApJLowGjlGDuUhZe0YUQrQ8qulqXdB7%2b2NWH%2fg9yTTHJc6g1uWJqdwaqhdUJWPtDbR0JxTkH0I7WmqgtqdHKlhCVHXCWko2KykU1wdR9fD8rAX7NZKM8R%2b7AE1iJqdALD4bBTgEyJR0kPQ1Jz7qttXphbVCyPUyxdjkk3XuUfi4%2fus51W5wKY%2bwo4RMcNBmQFNk0CsQyLWLkKg3omVzu2pRFdcGAeue4Xw6tDVFO5LRVMIp0sodWY915MXuD7%2fuZMI4it0zCJAVultCxHHBf5fMtjVv7Zc%2bVDFfVjhtvk%2b8qq6rrEx2sKNeoPVqTNSoGOquntXUzcylP0mfoXf9xijXhzSPRirWQ9cbQHsRrU0HvXB%2b6LsC%2fLLNKtDZGDeJRwZlCJYVO5yWS3sNAi4%2fPJki16GkWnHa68SMIePw3vXxtY87o7cswpBYrBBzhUVp4SJld0rns4HRSwzhx0tTCOlwpcSYuDD3V3x5uifAz0FhF9508GvbHGXRGKgT3UXALoIgxqEaJwf%2fxcbCU6DPeJaN%2bexpd0tDA8A%2fekq8g0J9UTKg6syYEjubxVwjMt8%2brpS8%2fyQyxgsalFy3VA60bocsmiKdZQu85r46D5Q9APav1sKCrGqKV2ICttyPaV82402CbNDFrmfAscqCkGjB9aHKIZ7cAGHPdsD%2bBbON0sf5R%2fbmY7E%2bP2y1J0G6wu99AxD6BeZkU1QlbeoREhbHTDHbaEFfmI2CvMWzg3abUHiHa%2bmIBPEU4lqOd5z%2f0VsdtzFk2kkkib0BiifWxBUnOd7WfjbHbh%2bTQbA%2f3uIleKE3z8ipUfeeV5Hn3AHetwclozFBRTI6ao8%2feiySNJRHozcsTr8VaNseVZdlnGdT7fFKX856HFrmVfDC9snKZogp9nEqimcYZFW1C6z7LSyfbdPUOyxn5Ex98bSguW3WpjY8PaZP1xhgMWQk5xjeKp%2fy5p630fDVauVUYEsmhLDF21PMHrAytxSJFd46uSd%2byTPYbIbJ63iZ0GcHOYNtyzx0eV0pBedPUvIp1orO8B%2bM6KncxIl16LE6onxJWQrOFGGiJYkutk9NDeFj6f0KuOO%2fEWgIrrZwhLqaGGSy4qYzkYY7WQnMwr%2fIc6YxHxbJHlQ64OukGn5m350C1oVzHAA4NDEIsKeoAquGEoEOB%2bVrE1Es1Aow24cIboqWaOuQoWTNeZa1VbxeZuJAieBRGHVo7DI56EJ7UZdu5ygCOPScaa5duCa%2bLCeXlcj7VcSxCCFNc9eX%2fS3ihvomFWO8GIlN4I2poYQD9EDJ%2fJ12RedoJQvzgrkUtMR1%2b3IAq6rfxZBcfThN7B93Nw3B28NZrdDEF%2b%2bP7nPIWntCbzcc1gHxrvYNaH0EniVqV29eDCQTJcKUuCZU4DSUHqp9PcScetVQfJGIUJnbOj0VczUtKG%2fD9PXvmhafnPI8ijuWpUlh5ly6b%2fsYva7IRriW3zk1eXmvBmwiIlHQNhsPpKwEa17hVZHBkVsAKaU7ECm%2fnkbjjX4Iyvl2Z8RgYHPZ2eKjsABq9bX%2bSEZUJvxtPc1rzUR53eHYWh4STqFATE38jdY%2bxk0qBZITzXpz8FVrSVV9Y90%3d&ev=1&action=page&origc=A&pid=7fd21a78-df24-4f9c-8296-72c2e63b9f2f&rn=1141035166&hmguid=5fa0921e-aa09-4668-a150-cb4b4737d506'
	       </script>
	   

<div class="section">
    
    <h1 id="resultsHeading" class="resultsHeading">
        Berries, cherries & currants&nbsp;(21 products available)
    </h1> 

    
    <div class="section eSpotContainer topESpots">   
    

       <!--  Right POD Espot Name = Z_Default_Espot_Content-->
       <!-- START ZDASPODDisplay.jsp -->

<div id="sitecatalyst_ESPOT_NAME_Z_Default_Espot_Content" class="siteCatalystTag">Z_Default_Espot_Content</div>

<!-- START MarketingSpotActivityDataDisplay.jspf --><!-- END MarketingSpotActivityDataDisplay.jspf --><!-- END ZDASPODDisplay.jsp -->
    </div>
    <!-- DEBUG: shelfTopLeftESpotName = Z:FRUIT_AND_VEGETABLES/D:FRESH_FRUIT/A:BERRIES_CHERRIES_AND_CURRANTS/Shelf_Top_Left --><!-- DEBUG: shelfTopRightESpotName = Z:FRUIT_AND_VEGETABLES/D:FRESH_FRUIT/A:BERRIES_CHERRIES_AND_CURRANTS/Shelf_Top_Right -->
    <div class="eSpotContainer">
    
    <div id="sitecatalyst_ESPOT_NAME_Z:FRUIT_AND_VEGETABLES/D:FRESH_FRUIT/A:BERRIES_CHERRIES_AND_CURRANTS/Shelf_Top_Left" class="siteCatalystTag">Z:FRUIT_AND_VEGETABLES/D:FRESH_FRUIT/A:BERRIES_CHERRIES_AND_CURRANTS/Shelf_Top_Left</div>

    <div id="sitecatalyst_ESPOT_NAME_Z:FRUIT_AND_VEGETABLES/D:FRESH_FRUIT/A:BERRIES_CHERRIES_AND_CURRANTS/Shelf_Top_Right" class="siteCatalystTag">Z:FRUIT_AND_VEGETABLES/D:FRESH_FRUIT/A:BERRIES_CHERRIES_AND_CURRANTS/Shelf_Top_Right</div>

</div>
</div>

        <div class="section" id="filterContainer">
            <!-- FILTER SECTION STARTS HERE--><!-- BEGIN BrowseFacetsDisplay.jspf--><!-- Start Filter -->
	    <h2 class="access">Product filter options</h2>
        <div class="filterSlither">
            <div class="filterCollapseBar">
                <div class="noFlexComponent">
	                <a href="#filterOptions" id="showHideFilterSlither" aria-controls="filterOptions">
		                Filter your list
	                </a>
	                <span class="quantitySelected" id="quantitySelected" role="status" aria-live="assertive" aria-relevant="text">
	                    
	                </span>
	                <a href="https://www.sainsburys.co.uk/shop/CategoryDisplay?pageSize=36&catalogId=10123&orderBy=FAVOURITES_ONLY%7CTOP_SELLERS&facet=&top_category=12518&parent_category_rn=12518&beginIndex=0&categoryId=12563&langId=44&storeId=10151" class="repressive">
	                    Clear filters
	                </a>
	            </div>
            </div>
            
            

			<form class="shelfFilterOptions " id="filterOptions" name="search_facets_form" action="" method="get" class="noFlexComponent">
	            <input type="hidden" value="44" name="langId">
	            <input type="hidden" value="10151" name="storeId">
	            <input type="hidden" value="10123" name="catalogId">
	            <input type="hidden" value="12563" name="categoryId">
	            <input type="hidden" value="12518" name="parent_category_rn">
	            <input type="hidden" value="12518" name="top_category">
	            <input type="hidden" value="36" name="pageSize">
                <input type="hidden" value="FAVOURITES_ONLY|TOP_SELLERS" name="orderBy">
                <input type="hidden" value="" name="searchTerm">
	            <input type="hidden" value="0" name="beginIndex">
                 
                

                <div class="wrapper" id="filterOptionsContainer">
                    
		            

<div class="field options">
    <div class="indicator">
        <p>Options:</p>
    </div>
    <div class="checkboxes">
        
        
            
            <div class="input">
            
            
		                  <input id="globalOptions0" name="facet" type="checkbox" disabled="disabled" value="" aria-disabled="true" />
		               
	                    <label class="favouritesLabel" for="globalOptions0">Favourites</label>
                    
	        </div>
	        
	        
            
            <div class="input">
            
            
		                  <input id="globalOptions1" name="facet" type="checkbox" value="86" />
		               
    	                <label for="globalOptions1">New</label>
		            
	        </div>
	        
	        
            
            <div class="input">
            
            
		                  <input id="globalOptions2" name="facet" type="checkbox" value="88" />
		               
                        <label class="offersLabel" for="globalOptions2">Offers</label>
                    
	        </div>
	        
	        
        
    </div>
    
</div><!-- BEGIN BrandFacetDisplay.jspf -->

<div class="field topBrands">
    <div class="indicator">
        <p>Top Brands:</p>
    </div>
    <div class="checkboxes">
        
        
            <div class="input">
	           
                       <input id="topBrands0" name="facet" type="checkbox" value="887" />
                   
	           <label for="topBrands0">Sainsbury&#039;s</label>
	       </div>
	       
            <div class="input">
	           
                       <input id="topBrands1" name="facet" type="checkbox" value="4294965102" />
                   
	           <label for="topBrands1">SO Organic</label>
	       </div>
	       
            <div class="input">
	           
                       <input id="topBrands2" name="facet" type="checkbox" value="4294966346" />
                   
	           <label for="topBrands2">Taste the Difference</label>
	       </div>
	       
	    
    </div>
</div>

<!-- END BrandFacetDisplay.jspf --><!-- BEGIN TypeFacetDisplay.jspf -->

<div class="field type">
	
	        <div class="indicator">
               <p>Type:</p>
            </div>
	        <div class="checkboxes">
		        
		        
            
                <div class="checkBoxWrapper">
                
		            
		                    
		                    <div class="input">
		                        
		                                <input id="type0" name="facet" type="checkbox" value="4294965865" />
		                            
		                        <label for="type0">Strawberries</label>
		                    </div>
		                    
		                    
		                    
		                    <div class="input">
		                        
		                                <input id="type1" name="facet" type="checkbox" value="4294963004" />
		                            
		                        <label for="type1">Raspberries</label>
		                    </div>
		                    
		                    
		                    
		                    <div class="input">
		                        
		                                <input id="type2" name="facet" type="checkbox" value="4294966352" />
		                            
		                        <label for="type2">Blackberries</label>
		                    </div>
		                    
		                    
		                        </div>
		                        <div class="checkBoxWrapper">
		                    
		                    
		                    <div class="input">
		                        
		                                <input id="type3" name="facet" type="checkbox" value="4294965286" />
		                            
		                        <label for="type3">Blueberries</label>
		                    </div>
		                    
		                    
		                    
		                    <div class="input">
		                        
		                                <input id="type4" name="facet" type="checkbox" value="4294964625" />
		                            
		                        <label for="type4">Cherries</label>
		                    </div>
		                    
		                    
		                    
		                    <div class="input">
		                        
		                                <input id="type5" name="facet" type="checkbox" value="4294963391" />
		                            
		                        <label for="type5">Currants</label>
		                    </div>
		                    
		                    
		        
		        </div>
		        
		    </div>
	        
	    
    
</div>

<!-- END TypeFacetDisplay.jspf -->                    
                </div> 
                
                <!-- BEGIN DietaryFacetDisplay.jspf -->

<div class="filterCollapseBarDietAndLifestyle">
    <a href="#dietAndLifestyle" id="showHideDietAndLifestyle">Dietary & lifestyle options</a>
    <span class="misc">
        (such as vegetarian, organic and British)
    </span>
</div>

<div class="field dietAndLifestyle jsHide" id="dietAndLifestyle">
    <div class="checkboxes">
        
        
            <div class="input">
                
                        <input id="dietAndLifestyle0" name="facet" type="checkbox" value="4294965807" />
                    
                <label for="dietAndLifestyle0">
                   British
                </label>
            </div> 
            
            <div class="input">
                
                        <input id="dietAndLifestyle1" name="facet" type="checkbox" value="4294966045" />
                    
                <label for="dietAndLifestyle1">
                   Organic
                </label>
            </div> 
            

    </div>
</div>

<!-- END DietaryFacetDisplay.jspf -->
            
                <div class="filterActions">
                    <input class="button primary" type="submit" id="applyfilter" name="applyfilter" value="Apply filter" />
                </div>
            </form>
        </div>
        
	<!-- END BrowseFacetsDisplay.jspf--><!-- FILTER SECTION ENDS HERE-->
        </div>
        <div class="section" id="productsContainer">
            <div id="productsOverlay" class="areaOverlay"></div>
            <div id="productLister">
	            
        <h2 class="access">Product pagination</h2>
        <div class="pagination">
    

    <ul class="viewOptions">
        
                <li class="gridSelected">
                    <span class="access">Grid view</span>
                </li>
                <li class="list">
                    <a href="https://www.sainsburys.co.uk/shop/CategoryDisplay?listView=true&amp;orderBy=FAVOURITES_ONLY%7CTOP_SELLERS&amp;parent_category_rn=12518&amp;top_category=12518&amp;langId=44&amp;beginIndex=0&amp;pageSize=36&amp;catalogId=10123&amp;searchTerm=&amp;categoryId=12563&amp;listId=&amp;storeId=10151&amp;promotionId=">
                        <span class="access">List view</span>
                    </a>
                </li>
            
    </ul>


    <form name="search_orderBy_form" action="CategoryDisplay" method="get">
        <input type="hidden" value="44" name="langId">
        <input type="hidden" value="10151" name="storeId">
        <input type="hidden" value="10123" name="catalogId">
        <input type="hidden" value="12563" name="categoryId">
        <input type="hidden" value="36" name="pageSize">
        <input type="hidden" value="0" name="beginIndex">
        
        <input type="hidden" value="" name="promotionId">
        
        <input type="hidden" value="" name="listId">
        <input type="hidden" value="" name="searchTerm">
        <input type="hidden" name="hasPreviousOrder" value="">
        <input type="hidden" name="previousOrderId" value="" />
        <input type="hidden" name="categoryFacetId1" value="" />
        <input type="hidden" name="categoryFacetId2" value="" />
        <input type="hidden" name="bundleId" value="" />

       
        
        <div class="field">
            <div class="indicator">
                <label for="orderBy">Sort by:</label>
            </div>

            
                    <input type="hidden" value="12518" name="parent_category_rn">
                    <input type="hidden" value="12518" name="top_category">
                
            <div class="input">
                <div class="selectWrapper">
	                <select id="orderBy" name="orderBy">
	                    
					            
					            <option value="FAVOURITES_FIRST" >Favourites First</option>
	                            <option value="PRICE_ASC" >Price - Low to High</option>
	                            <option value="PRICE_DESC" >Price - High to Low</option>
	                            <option value="NAME_ASC" >Product Name - A - Z</option>
	                            <option value="NAME_DESC" >Product Name - Z - A</option>
	                            <option value="TOP_SELLERS" >Top Sellers</option>
	                            
	                                <option value="RATINGS_DESC" >Ratings - High to Low</option>
	                            
	                            <option value="NEW" >New</option>
	                        
	                </select>
	                <span></span>
	             </div>
            </div>
        </div>
        <div class="actions">
            <input type="submit" class="button" id="Sort" name="Sort" value="Sort" />
        </div>
    </form>


    <form name="search_pageSize_form" action="CategoryDisplay" method="get">
        <input type="hidden" value="44" name="langId">
        <input type="hidden" value="10151" name="storeId">
        <input type="hidden" value="10123" name="catalogId">
        <input type="hidden" value="12563" name="categoryId">
        <input type="hidden" value="FAVOURITES_ONLY|TOP_SELLERS" name="orderBy">
        <input type="hidden" value="0" name="beginIndex">
        
        <input type="hidden" value="" name="promotionId">
        <input type="hidden" value="" name="listId">
        <input type="hidden" value="" name="searchTerm">
        <input type="hidden" name="hasPreviousOrder" value="">
        <input type="hidden" name="previousOrderId" value="" />
        <input type="hidden" name="categoryFacetId1" value="" />
        <input type="hidden" name="categoryFacetId2" value="" />
        <input type="hidden" name="ImportedProductsCount" value="" />
        <input type="hidden" name="ImportedStoreName" value="" />
        <input type="hidden" name="ImportedSupermarket" value="" />
        <input type="hidden" name="bundleId" value="" />
        
                <input type="hidden" value="12518" name="parent_category_rn">
                <input type="hidden" value="12518" name="top_category">
            
        <div class="field">
          <div class="indicator">
            <label for="pageSize">Per page</label>
          </div>
          <div class="input">
            <div class="selectWrapper">
	            <select id="pageSize" name="pageSize">
	                
	                            <option value="36" selected="selected">36</option>
	                        
	                            <option value="54" >54</option>
	                        
	                            <option value="72" >72</option>
	                        
	                            <option value="90" >90</option>
	                        
	                            <option value="108" >108</option>
	                        
	            </select>
	            <span></span>
	         </div>
          </div>
          </div>
          <div class="actions">
              <input type="submit" class="button" id="Go" name="Go" value="Go" />
          </div>
    </form>

    
    <ul class="pages">
            <li class="previous">
                
                <span class="access">Go to previous page</span>
                
            </li>

        <li class="current"><span class="access">Current page </span><span>1</span></li>
        
            <li class="next">
        
        <span class="access">Go to next page</span>
        
            </li>
    </ul>

       </div>
    
                <h2 class="access">Products</h2>
                
	            <ul class="productLister gridView">
	                <!-- BEGIN MerchandisingAssociationsDisplay.jsp --><!-- Start - JSP File Name:  MerchandisingAssociationsDisplay.jsp -->
    <div class="coverage ranged"></div>
<!-- END MerchandisingAssociationsDisplay.jsp -->
                                
	                            <li class="gridItem">
		                                   <!-- BEGIN CatalogEntryThumbnailDisplay.jsp -->
                    <div id="hasCrossSell_124183"class="product hasCrossSell  highlighted specialOffer"
                    >
                    
                        <div class="productInfo">
                            <div class="productNameAndPromotions">
                                
                                        <h3>
                                            <a href="https://www.sainsburys.co.uk/shop/gb/groceries/berries-cherries-currants/sainsburys-british-strawberries-400g" >
                                                Sainsbury's Strawberries 400g
                                                <img src="//www.sainsburys.co.uk/wcsstore7.28.113/ExtendedSitesCatalogAssetStore/images/catalog/productImages/66/0000001835366/0000001835366_L.jpeg" alt="" />
                                            </a>
                                        </h3>
                                    
    <div class="promotion">
                   
		            <p><a href="https://www.sainsburys.co.uk/shop/PromotionDisplayView?catalogId=10123&langId=44&productId=124182&storeId=10151&promotionId=10311698"><!-- BEGIN include/PromotionStrapline.jspf -->Only Â£1.60: Save 40p<br/>

<!-- FINISH include/PromotionStrapline.jspf -->
		            </a></p>
		                        
    </div>
   
                            </div>
                             
                        </div>
                        
                        
                        
                    
                    <div class="errorBanner hidden" id="error124183"></div>                                 
                    
                    <div class="addToTrolleytabBox">
                        <!-- Start UserSubscribedOrNot.jspf --><!-- Start UserSubscribedOrNot.jsp --><!-- 
			If the user is not logged in, render this opening 
			DIV adding an addtional class to fix the border top which is removed 
			and replaced by the tabs
		-->
		<div class="addToTrolleytabContainer addItemBorderTop">
	<!-- End AddToSubscriptionList.jsp --><!-- End AddSubscriptionList.jspf --><!-- 
                        ATTENTION!!!
                        <div class="addToTrolleytabContainer">
                        This opening div is inside "../../ReusableObjects/UserSubscribedOrNot.jsp"
                        -->
                        
                        <!--  <div class="pricingAndTrolleyFormWrapper"> -->
                    <div class="pricingAndTrolleyOptions">   
                        <div class="priceTab activeContainer priceTabContainer" id="addItem_124183"> 
                            <div class="pricing">
                                
	<p class="pricePerUnit">
    Â£1.60<abbr title="per">/</abbr><abbr title="unit"><span class="pricePerUnitUnit">unit</span></abbr>
</p>
 
    <p class="pricePerMeasure">Â£4.00<abbr 
            title="per">/</abbr><abbr 
            title="kilogram"><span class="pricePerMeasureMeasure">kg</span></abbr>
    </p>

                            </div>                        
                            
                                        <div class="addToTrolleyForm ">                                       
                                            
                                            <!-- BEGIN AddToTrolley.jsp --><!-- fire an on add to bag here from  -->
		
		<form class="addToTrolleyForm" name="OrderItemAddForm_124183" action="OrderItemAdd" method="post" id="OrderItemAddForm_124183" class="addToTrolleyForm">
		    <input type="hidden" name="storeId" value="10151"/>
		    <input type="hidden" name="langId" value="44"/>
		    <input type="hidden" name="catalogId" value="10123"/>
		    
		    
		    <input type="hidden" name="errorViewName" value="CategoryDisplayView"/>
		    <input type="hidden" name="SKU_ID" value="7555699"/>
		    <input type="hidden" name="itemType" value=""/>
		    
		    
	           <input type="hidden" name="ItemSKU_ID" value="7555699"/>
	        
		        <label class="access" for="quantity_124182">Quantity</label>
		        
					<input name="quantity"  id="quantity_124182" type="text" size="3" value="1" class="quantity"   />
				
                    <input type="hidden" name="catEntryId" value="124183"/>
                

		        <input type="hidden" name="productId" value="124182"/>
		        
		
		    <input type="hidden" name="URL" value="https://www.sainsburys.co.uk/webapp/wcs/stores/servlet/CategoryDisplay?langId=44&amp;storeId=10151&amp;krypto=D32KOcKfYA4Hvwso0i753dr1iIhAu0csku86SmELgEaQR9P8v2A2%2BPZCDQQrPknP4Jh5LpA5Os8C3TablW9eBLENLKFCZpf1CNYh6SDvSCqy9lZtSpAyelxddGfuzkoi8%2BSG2DgbdPE7xxt%2FzuYP88giPluAtHbXE1k%2Fds2ZCyc%3D&amp;ddkey=https%3Agb%2Fgroceries%2Ffruit-veg%2Fberries-cherries-currants"/>
		    <input type="hidden" name="page" value=""/>
		    <input type="hidden" name="contractId" value=""/>
		    <input type="hidden" name="calculateOrder" value="1"/>
		    <input type="hidden" name="calculationUsage" value="-1,-2,-3"/>
		    <input type="hidden" name="updateable" value="1"/>
		    <input type="hidden" name="merge" value="***"/>
		     
		   	<input type="hidden" name="callAjax" value="false"/>
		   	
		    
		        <input class="button process"  type="submit" name="Add" value="Add" />
			


		</form>
	<!-- END AddToTrolley.jsp -->
        <div class="numberInTrolley hidden numberInTrolley_124182" id="numberInTrolley_124182">
            
        </div>
    
                                        </div>
                                        
                        </div>
                        <!-- Start AddToSubscriptionList.jspf --><!-- Start AddToSubscriptionList.jsp --><!-- End AddToSubscriptionList.jsp --><!-- End AddToSubscriptionList.jspf -->
                    </div>
                                
                        <!-- </div> -->
                </div>     
            </div>

            
            <div class="strapline">
                <a href="https://www.sainsburys.co.uk/shop/PromotionDisplayView?catalogId=10123&langId=44&productId=124182&storeId=10151&promotionId=10311698"><img src="/wcsstore7.28.113/SainsburysStorefrontAssetStore/wcassets/icons/special/img-special-offer.png" alt="Special Offer" />
                </a>
            </div>
          <!--ThumbnailRestriction -->
                        
               <div id="additionalItems_124183" class="additionalItems">
                    <!-- BEGIN MerchandisingAssociationsDisplay.jsp --><!-- Start - JSP File Name:  MerchandisingAssociationsDisplay.jsp --><!-- BEGIN CatalogEntryThumbnailMerchandisingAssociation.jspf -->                    
                    <div id="sitecatalyst_SELL_TYPE_1095840" class="siteCatalystTag">X-SELL</div>
                    <div class="crossSell">
                        <div class="crossSellTitle">
                            <!-- BEGIN ContentDisplay.jsp -->
	                <img
	                    src='/wcsstore7.28.113/SainsburysStorefrontAssetStore/wcassets/merchandising_associations/have_you_tried_grid_202x32.gif'
	                    alt='wcassets/merchandising_associations/have_you_tried_grid_202x32.gif'
	                    border="0"
	                />
	                <!-- end: ContentDisplay.jsp -->
                        </div>
                        <div class="errorBanner hidden" id="error1241821095841"></div>
                        <div class="crossSellContent">
	                        <div class="pricingAndTrolleyFormWrapper"> 
		                         <div class="pricingReviews">
		                            <div class="pricing">
		                                
	<p class="pricePerUnit">
    Â£2.00<abbr title="per">/</abbr><abbr title="unit"><span class="pricePerUnitUnit">unit</span></abbr>
</p>
 
    <p class="pricePerMeasure">Â£1.34<abbr 
            title="per">/</abbr>100<abbr 
            title="gram"><span class="pricePerMeasureMeasure">g</span></abbr>
    </p>

		                            </div>
		                        </div>
		                        <div class="addToTrolleyForm ">
		                           
		                            <!-- BEGIN AddToTrolley.jsp --><!-- fire an on add to bag here from  -->
		
		<form class="addToTrolleyForm" name="OrderItemAddForm_1095841_124182" action="OrderItemAdd" method="post" id="OrderItemAddForm_124182_1095841" class="addToTrolleyForm">
		    <input type="hidden" name="storeId" value="10151"/>
		    <input type="hidden" name="langId" value="44"/>
		    <input type="hidden" name="catalogId" value="10123"/>
		    
		    
		    <input type="hidden" name="errorViewName" value="CategoryDisplayView"/>
		    <input type="hidden" name="SKU_ID" value="7842730"/>
		    <input type="hidden" name="itemType" value="X-SELL"/>
		    
		    
	           <input type="hidden" name="ItemSKU_ID" value="7842730"/>
	        
		        <label class="access" for="quantity_1095840">Quantity</label>
		        
					<input name="quantity"  id="quantity_1095840" type="text" size="3" value="1" class="quantity"   />
				
                    <input type="hidden" name="catEntryId" value="1095841"/>
                

		        <input type="hidden" name="productId" value="1095840"/>
		        
		
		    <input type="hidden" name="URL" value="https://www.sainsburys.co.uk/webapp/wcs/stores/servlet/CategoryDisplay?langId=44&amp;storeId=10151&amp;krypto=D32KOcKfYA4Hvwso0i753dr1iIhAu0csku86SmELgEaQR9P8v2A2%2BPZCDQQrPknP4Jh5LpA5Os8C3TablW9eBLENLKFCZpf1CNYh6SDvSCqy9lZtSpAyelxddGfuzkoi8%2BSG2DgbdPE7xxt%2FzuYP88giPluAtHbXE1k%2Fds2ZCyc%3D&amp;ddkey=https%3Agb%2Fgroceries%2Ffruit-veg%2Fberries-cherries-currants"/>
		    <input type="hidden" name="page" value=""/>
		    <input type="hidden" name="contractId" value=""/>
		    <input type="hidden" name="calculateOrder" value="1"/>
		    <input type="hidden" name="calculationUsage" value="-1,-2,-3"/>
		    <input type="hidden" name="updateable" value="1"/>
		    <input type="hidden" name="merge" value="***"/>
		     
		   	<input type="hidden" name="callAjax" value="false"/>
		   	
		    
		        <input class="button process"  type="submit" name="Add" value="Add" />
			


		</form>
	<!-- END AddToTrolley.jsp -->
        <div class="numberInTrolley hidden numberInTrolley_1095840" id="numberInTrolley_1095840">
            
        </div>
    
		                        </div>
		                    </div>                
	                        <div class="crossSellInfo">
	                            <h4 class="crossSellName">
                                    <span class="access">Try this product with </span>
	                                <a href="https://www.sainsburys.co.uk/shop/gb/groceries/trek-cocoa-coconut---chocolate-protein-flapjacks-3x50g">
	                                    Trek Cocoa Coconut Protein Flapjacks 3x50g
	                                    <img src="/wcsstore7.28.113/ExtendedSitesCatalogAssetStore/images/catalog/productImages/73/5060088704073/5060088704073_S.jpeg" alt="" />
	                                </a>
	                            </h4>
	                            
    <div class="promotion">
                   
		            <p><a href="https://www.sainsburys.co.uk/shop/PromotionDisplayView?catalogId=10123&langId=44&productId=1095840&storeId=10151&promotionId=10309235"><!-- BEGIN include/PromotionStrapline.jspf -->Only Â£2.00: Save 50p<br/>

<!-- FINISH include/PromotionStrapline.jspf -->
		            </a></p>
		                        
    </div>

	                        </div>
	                    </div>
	                    <!--ThumbnailRestriction -->
                    </div>                
            
                <!-- END CatalogEntryThumbnailMerchandisingAssociation.jspf --><!-- END MerchandisingAssociationsDisplay.jsp --> 
                </div>
        <!-- END CatalogEntryThumbnailDisplay.jsp -->
	                            </li>
                                <!-- BEGIN MerchandisingAssociationsDisplay.jsp --><!-- Start - JSP File Name:  MerchandisingAssociationsDisplay.jsp -->
    <div class="coverage ranged"></div>
<!-- END MerchandisingAssociationsDisplay.jsp -->
                                
	                            <li class="gridItem">
		                                   <!-- BEGIN CatalogEntryThumbnailDisplay.jsp -->
                    <div id="hasCrossSell_124079"class="product hasCrossSell "
                    >
                    
                        <div class="productInfo">
                            <div class="productNameAndPromotions">
                                
                                        <h3>
                                            <a href="https://www.sainsburys.co.uk/shop/gb/groceries/berries-cherries-currants/sainsburys-blueberries-200g" >
                                                Sainsbury's Blueberries 200g
                                                <img src="//www.sainsburys.co.uk/wcsstore7.28.113/SainsburysStorefrontAssetStore/wcassets/product_images/media_7555404_L.jpg" alt="" />
                                            </a>
                                        </h3>
                                       
                            </div>
                             
                        </div>
                        
                        
                        
                    
                    <div class="errorBanner hidden" id="error124079"></div>                                 
                    
                    <div class="addToTrolleytabBox">
                        <!-- Start UserSubscribedOrNot.jspf --><!-- Start UserSubscribedOrNot.jsp --><!-- 
			If the user is not logged in, render this opening 
			DIV adding an addtional class to fix the border top which is removed 
			and replaced by the tabs
		-->
		<div class="addToTrolleytabContainer addItemBorderTop">
	<!-- End AddToSubscriptionList.jsp --><!-- End AddSubscriptionList.jspf --><!-- 
                        ATTENTION!!!
                        <div class="addToTrolleytabContainer">
                        This opening div is inside "../../ReusableObjects/UserSubscribedOrNot.jsp"
                        -->
                        
                        <!--  <div class="pricingAndTrolleyFormWrapper"> -->
                    <div class="pricingAndTrolleyOptions">   
                        <div class="priceTab activeContainer priceTabContainer" id="addItem_124079"> 
                            <div class="pricing">
                                
	<p class="pricePerUnit">
    Â£1.75<abbr title="per">/</abbr><abbr title="unit"><span class="pricePerUnitUnit">unit</span></abbr>
</p>
 
    <p class="pricePerMeasure">Â£8.75<abbr 
            title="per">/</abbr><abbr 
            title="kilogram"><span class="pricePerMeasureMeasure">kg</span></abbr>
    </p>

                            </div>                        
                            
                                        <div class="addToTrolleyForm ">                                       
                                            
                                            <!-- BEGIN AddToTrolley.jsp --><!-- fire an on add to bag here from  -->
		
		<form class="addToTrolleyForm" name="OrderItemAddForm_124079" action="OrderItemAdd" method="post" id="OrderItemAddForm_124079" class="addToTrolleyForm">
		    <input type="hidden" name="storeId" value="10151"/>
		    <input type="hidden" name="langId" value="44"/>
		    <input type="hidden" name="catalogId" value="10123"/>
		    
		    
		    <input type="hidden" name="errorViewName" value="CategoryDisplayView"/>
		    <input type="hidden" name="SKU_ID" value="7555404"/>
		    <input type="hidden" name="itemType" value=""/>
		    
		    
	           <input type="hidden" name="ItemSKU_ID" value="7555404"/>
	        
		        <label class="access" for="quantity_124078">Quantity</label>
		        
					<input name="quantity"  id="quantity_124078" type="text" size="3" value="1" class="quantity"   />
				
                    <input type="hidden" name="catEntryId" value="124079"/>
                

		        <input type="hidden" name="productId" value="124078"/>
		        
		
		    <input type="hidden" name="URL" value="https://www.sainsburys.co.uk/webapp/wcs/stores/servlet/CategoryDisplay?langId=44&amp;storeId=10151&amp;krypto=D32KOcKfYA4Hvwso0i753dr1iIhAu0csku86SmELgEaQR9P8v2A2%2BPZCDQQrPknP4Jh5LpA5Os8C3TablW9eBLENLKFCZpf1CNYh6SDvSCqy9lZtSpAyelxddGfuzkoi8%2BSG2DgbdPE7xxt%2FzuYP88giPluAtHbXE1k%2Fds2ZCyc%3D&amp;ddkey=https%3Agb%2Fgroceries%2Ffruit-veg%2Fberries-cherries-currants"/>
		    <input type="hidden" name="page" value=""/>
		    <input type="hidden" name="contractId" value=""/>
		    <input type="hidden" name="calculateOrder" value="1"/>
		    <input type="hidden" name="calculationUsage" value="-1,-2,-3"/>
		    <input type="hidden" name="updateable" value="1"/>
		    <input type="hidden" name="merge" value="***"/>
		     
		   	<input type="hidden" name="callAjax" value="false"/>
		   	
		    
		        <input class="button process"  type="submit" name="Add" value="Add" />
			


		</form>
	<!-- END AddToTrolley.jsp -->
        <div class="numberInTrolley hidden numberInTrolley_124078" id="numberInTrolley_124078">
            
        </div>
    
                                        </div>
                                        
                        </div>
                        <!-- Start AddToSubscriptionList.jspf --><!-- Start AddToSubscriptionList.jsp --><!-- End AddToSubscriptionList.jsp --><!-- End AddToSubscriptionList.jspf -->
                    </div>
                                
                        <!-- </div> -->
                </div>     
            </div>

            <!--ThumbnailRestriction -->
                        
               <div id="additionalItems_124079" class="additionalItems">
                    <!-- BEGIN MerchandisingAssociationsDisplay.jsp --><!-- Start - JSP File Name:  MerchandisingAssociationsDisplay.jsp --><!-- BEGIN CatalogEntryThumbnailMerchandisingAssociation.jspf -->                    
                    <div id="sitecatalyst_SELL_TYPE_1095840" class="siteCatalystTag">X-SELL</div>
                    <div class="crossSell">
                        <div class="crossSellTitle">
                            <!-- BEGIN ContentDisplay.jsp -->
	                <img
	                    src='/wcsstore7.28.113/SainsburysStorefrontAssetStore/wcassets/merchandising_associations/have_you_tried_grid_202x32.gif'
	                    alt='wcassets/merchandising_associations/have_you_tried_grid_202x32.gif'
	                    border="0"
	                />
	                <!-- end: ContentDisplay.jsp -->
                        </div>
                        <div class="errorBanner hidden" id="error1241821095841"></div>
                        <div class="crossSellContent">
	                        <div class="pricingAndTrolleyFormWrapper"> 
		                         <div class="pricingReviews">
		                            <div class="pricing">
		                                
	<p class="pricePerUnit">
    Â£2.00<abbr title="per">/</abbr><abbr title="unit"><span class="pricePerUnitUnit">unit</span></abbr>
</p>
 
    <p class="pricePerMeasure">Â£1.34<abbr 
            title="per">/</abbr>100<abbr 
            title="gram"><span class="pricePerMeasureMeasure">g</span></abbr>
    </p>

		                            </div>
		                        </div>
		                        <div class="addToTrolleyForm ">
		                           
		                            <!-- BEGIN AddToTrolley.jsp --><!-- fire an on add to bag here from  -->
		
		<form class="addToTrolleyForm" name="OrderItemAddForm_1095841_124182" action="OrderItemAdd" method="post" id="OrderItemAddForm_124182_1095841" class="addToTrolleyForm">
		    <input type="hidden" name="storeId" value="10151"/>
		    <input type="hidden" name="langId" value="44"/>
		    <input type="hidden" name="catalogId" value="10123"/>
		    
		    
		    <input type="hidden" name="errorViewName" value="CategoryDisplayView"/>
		    <input type="hidden" name="SKU_ID" value="7842730"/>
		    <input type="hidden" name="itemType" value="X-SELL"/>
		    
		    
	           <input type="hidden" name="ItemSKU_ID" value="7842730"/>
	        
		        <label class="access" for="quantity_1095840">Quantity</label>
		        
					<input name="quantity"  id="quantity_1095840" type="text" size="3" value="1" class="quantity"   />
				
                    <input type="hidden" name="catEntryId" value="1095841"/>
                

		        <input type="hidden" name="productId" value="1095840"/>
		        
		
		    <input type="hidden" name="URL" value="https://www.sainsburys.co.uk/webapp/wcs/stores/servlet/CategoryDisplay?langId=44&amp;storeId=10151&amp;krypto=D32KOcKfYA4Hvwso0i753dr1iIhAu0csku86SmELgEaQR9P8v2A2%2BPZCDQQrPknP4Jh5LpA5Os8C3TablW9eBLENLKFCZpf1CNYh6SDvSCqy9lZtSpAyelxddGfuzkoi8%2BSG2DgbdPE7xxt%2FzuYP88giPluAtHbXE1k%2Fds2ZCyc%3D&amp;ddkey=https%3Agb%2Fgroceries%2Ffruit-veg%2Fberries-cherries-currants"/>
		    <input type="hidden" name="page" value=""/>
		    <input type="hidden" name="contractId" value=""/>
		    <input type="hidden" name="calculateOrder" value="1"/>
		    <input type="hidden" name="calculationUsage" value="-1,-2,-3"/>
		    <input type="hidden" name="updateable" value="1"/>
		    <input type="hidden" name="merge" value="***"/>
		     
		   	<input type="hidden" name="callAjax" value="false"/>
		   	
		    
		        <input class="button process"  type="submit" name="Add" value="Add" />
			


		</form>
	<!-- END AddToTrolley.jsp -->
        <div class="numberInTrolley hidden numberInTrolley_1095840" id="numberInTrolley_1095840">
            
        </div>
    
		                        </div>
		                    </div>                
	                        <div class="crossSellInfo">
	                            <h4 class="crossSellName">
                                    <span class="access">Try this product with </span>
	                                <a href="https://www.sainsburys.co.uk/shop/gb/groceries/trek-cocoa-coconut---chocolate-protein-flapjacks-3x50g">
	                                    Trek Cocoa Coconut Protein Flapjacks 3x50g
	                                    <img src="/wcsstore7.28.113/ExtendedSitesCatalogAssetStore/images/catalog/productImages/73/5060088704073/5060088704073_S.jpeg" alt="" />
	                                </a>
	                            </h4>
	                            
    <div class="promotion">
                   
		            <p><a href="https://www.sainsburys.co.uk/shop/PromotionDisplayView?catalogId=10123&langId=44&productId=1095840&storeId=10151&promotionId=10309235"><!-- BEGIN include/PromotionStrapline.jspf -->Only Â£2.00: Save 50p<br/>

<!-- FINISH include/PromotionStrapline.jspf -->
		            </a></p>
		                        
    </div>

	                        </div>
	                    </div>
	                    <!--ThumbnailRestriction -->
                    </div>                
            
                <!-- END CatalogEntryThumbnailMerchandisingAssociation.jspf --><!-- END MerchandisingAssociationsDisplay.jsp --> 
                </div>
        <!-- END CatalogEntryThumbnailDisplay.jsp -->
	                            </li>
                                <!-- BEGIN MerchandisingAssociationsDisplay.jsp --><!-- Start - JSP File Name:  MerchandisingAssociationsDisplay.jsp -->
    <div class="coverage ranged"></div>
<!-- END MerchandisingAssociationsDisplay.jsp -->
                                
	                            <li class="gridItem">
		                                   <!-- BEGIN CatalogEntryThumbnailDisplay.jsp -->
                    <div id="hasCrossSell_120939"class="product hasCrossSell "
                    >
                    
                        <div class="productInfo">
                            <div class="productNameAndPromotions">
                                
                                        <h3>
                                            <a href="https://www.sainsburys.co.uk/shop/gb/groceries/berries-cherries-currants/sainsburys-british-raspberries--150g" >
                                                Sainsbury's Raspberries 150g
                                                <img src="//www.sainsburys.co.uk/wcsstore7.28.113/SainsburysStorefrontAssetStore/wcassets/product_images/media_7436859_L.jpg" alt="" />
                                            </a>
                                        </h3>
                                       
                            </div>
                             
                        </div>
                        
                        
                        
                    
                    <div class="errorBanner hidden" id="error120939"></div>                                 
                    
                    <div class="addToTrolleytabBox">
                        <!-- Start UserSubscribedOrNot.jspf --><!-- Start UserSubscribedOrNot.jsp --><!-- 
			If the user is not logged in, render this opening 
			DIV adding an addtional class to fix the border top which is removed 
			and replaced by the tabs
		-->
		<div class="addToTrolleytabContainer addItemBorderTop">
	<!-- End AddToSubscriptionList.jsp --><!-- End AddSubscriptionList.jspf --><!-- 
                        ATTENTION!!!
                        <div class="addToTrolleytabContainer">
                        This opening div is inside "../../ReusableObjects/UserSubscribedOrNot.jsp"
                        -->
                        
                        <!--  <div class="pricingAndTrolleyFormWrapper"> -->
                    <div class="pricingAndTrolleyOptions">   
                        <div class="priceTab activeContainer priceTabContainer" id="addItem_120939"> 
                            <div class="pricing">
                                
	<p class="pricePerUnit">
    Â£1.40<abbr title="per">/</abbr><abbr title="unit"><span class="pricePerUnitUnit">unit</span></abbr>
</p>
 
    <p class="pricePerMeasure">Â£9.33<abbr 
            title="per">/</abbr><abbr 
            title="kilogram"><span class="pricePerMeasureMeasure">kg</span></abbr>
    </p>

                            </div>                        
                            
                                        <div class="addToTrolleyForm ">                                       
                                            
                                            <!-- BEGIN AddToTrolley.jsp --><!-- fire an on add to bag here from  -->
		
		<form class="addToTrolleyForm" name="OrderItemAddForm_120939" action="OrderItemAdd" method="post" id="OrderItemAddForm_120939" class="addToTrolleyForm">
		    <input type="hidden" name="storeId" value="10151"/>
		    <input type="hidden" name="langId" value="44"/>
		    <input type="hidden" name="catalogId" value="10123"/>
		    
		    
		    <input type="hidden" name="errorViewName" value="CategoryDisplayView"/>
		    <input type="hidden" name="SKU_ID" value="7436859"/>
		    <input type="hidden" name="itemType" value=""/>
		    
		    
	           <input type="hidden" name="ItemSKU_ID" value="7436859"/>
	        
		        <label class="access" for="quantity_120938">Quantity</label>
		        
					<input name="quantity"  id="quantity_120938" type="text" size="3" value="1" class="quantity"   />
				
                    <input type="hidden" name="catEntryId" value="120939"/>
                

		        <input type="hidden" name="productId" value="120938"/>
		        
		
		    <input type="hidden" name="URL" value="https://www.sainsburys.co.uk/webapp/wcs/stores/servlet/CategoryDisplay?langId=44&amp;storeId=10151&amp;krypto=D32KOcKfYA4Hvwso0i753dr1iIhAu0csku86SmELgEaQR9P8v2A2%2BPZCDQQrPknP4Jh5LpA5Os8C3TablW9eBLENLKFCZpf1CNYh6SDvSCqy9lZtSpAyelxddGfuzkoi8%2BSG2DgbdPE7xxt%2FzuYP88giPluAtHbXE1k%2Fds2ZCyc%3D&amp;ddkey=https%3Agb%2Fgroceries%2Ffruit-veg%2Fberries-cherries-currants"/>
		    <input type="hidden" name="page" value=""/>
		    <input type="hidden" name="contractId" value=""/>
		    <input type="hidden" name="calculateOrder" value="1"/>
		    <input type="hidden" name="calculationUsage" value="-1,-2,-3"/>
		    <input type="hidden" name="updateable" value="1"/>
		    <input type="hidden" name="merge" value="***"/>
		     
		   	<input type="hidden" name="callAjax" value="false"/>
		   	
		    
		        <input class="button process"  type="submit" name="Add" value="Add" />
			


		</form>
	<!-- END AddToTrolley.jsp -->
        <div class="numberInTrolley hidden numberInTrolley_120938" id="numberInTrolley_120938">
            
        </div>
    
                                        </div>
                                        
                        </div>
                        <!-- Start AddToSubscriptionList.jspf --><!-- Start AddToSubscriptionList.jsp --><!-- End AddToSubscriptionList.jsp --><!-- End AddToSubscriptionList.jspf -->
                    </div>
                                
                        <!-- </div> -->
                </div>     
            </div>

            <!--ThumbnailRestriction -->
                        
               <div id="additionalItems_120939" class="additionalItems">
                    <!-- BEGIN MerchandisingAssociationsDisplay.jsp --><!-- Start - JSP File Name:  MerchandisingAssociationsDisplay.jsp --><!-- BEGIN CatalogEntryThumbnailMerchandisingAssociation.jspf -->                    
                    <div id="sitecatalyst_SELL_TYPE_1200634" class="siteCatalystTag">X-SELL</div>
                    <div class="crossSell">
                        <div class="crossSellTitle">
                            <!-- BEGIN ContentDisplay.jsp -->
	                <img
	                    src='/wcsstore7.28.113/SainsburysStorefrontAssetStore/wcassets/merchandising_associations/great_with_grid_202x32.gif'
	                    alt='wcassets/merchandising_associations/great_with_grid_202x32.gif'
	                    border="0"
	                />
	                <!-- end: ContentDisplay.jsp -->
                        </div>
                        <div class="errorBanner hidden" id="error10770481200635"></div>
                        <div class="crossSellContent">
	                        <div class="pricingAndTrolleyFormWrapper"> 
		                         <div class="pricingReviews">
		                            <div class="pricing">
		                                
	<p class="pricePerUnit">
    Â£3.30<abbr title="per">/</abbr><abbr title="unit"><span class="pricePerUnitUnit">unit</span></abbr>
</p>
 
    <p class="pricePerMeasure">Â£0.37<abbr 
            title="per">/</abbr>100<abbr 
            title="gram"><span class="pricePerMeasureMeasure">g</span></abbr>
    </p>

		                            </div>
		                        </div>
		                        <div class="addToTrolleyForm ">
		                           
		                            <!-- BEGIN AddToTrolley.jsp --><!-- fire an on add to bag here from  -->
		
		<form class="addToTrolleyForm" name="OrderItemAddForm_1200635_1077048" action="OrderItemAdd" method="post" id="OrderItemAddForm_1077048_1200635" class="addToTrolleyForm">
		    <input type="hidden" name="storeId" value="10151"/>
		    <input type="hidden" name="langId" value="44"/>
		    <input type="hidden" name="catalogId" value="10123"/>
		    
		    
		    <input type="hidden" name="errorViewName" value="CategoryDisplayView"/>
		    <input type="hidden" name="SKU_ID" value="7907073"/>
		    <input type="hidden" name="itemType" value="X-SELL"/>
		    
		    
	           <input type="hidden" name="ItemSKU_ID" value="7907073"/>
	        
		        <label class="access" for="quantity_1200634">Quantity</label>
		        
					<input name="quantity"  id="quantity_1200634" type="text" size="3" value="1" class="quantity"   />
				
                    <input type="hidden" name="catEntryId" value="1200635"/>
                

		        <input type="hidden" name="productId" value="1200634"/>
		        
		
		    <input type="hidden" name="URL" value="https://www.sainsburys.co.uk/webapp/wcs/stores/servlet/CategoryDisplay?langId=44&amp;storeId=10151&amp;krypto=D32KOcKfYA4Hvwso0i753dr1iIhAu0csku86SmELgEaQR9P8v2A2%2BPZCDQQrPknP4Jh5LpA5Os8C3TablW9eBLENLKFCZpf1CNYh6SDvSCqy9lZtSpAyelxddGfuzkoi8%2BSG2DgbdPE7xxt%2FzuYP88giPluAtHbXE1k%2Fds2ZCyc%3D&amp;ddkey=https%3Agb%2Fgroceries%2Ffruit-veg%2Fberries-cherries-currants"/>
		    <input type="hidden" name="page" value=""/>
		    <input type="hidden" name="contractId" value=""/>
		    <input type="hidden" name="calculateOrder" value="1"/>
		    <input type="hidden" name="calculationUsage" value="-1,-2,-3"/>
		    <input type="hidden" name="updateable" value="1"/>
		    <input type="hidden" name="merge" value="***"/>
		     
		   	<input type="hidden" name="callAjax" value="false"/>
		   	
		    
		        <input class="button process"  type="submit" name="Add" value="Add" />
			


		</form>
	<!-- END AddToTrolley.jsp -->
        <div class="numberInTrolley hidden numberInTrolley_1200634" id="numberInTrolley_1200634">
            
        </div>
    
		                        </div>
		                    </div>                
	                        <div class="crossSellInfo">
	                            <h4 class="crossSellName">
                                    <span class="access">Try this product with </span>
	                                <a href="https://www.sainsburys.co.uk/shop/ProductDisplay?storeId=10151&productId=1200634&urlRequestType=Base&langId=44&catalogId=10132">
	                                    The Collective Straight Up Unsweetened Plain Live Yogurt 900g
	                                    <img src="/wcsstore7.28.113/ExtendedSitesCatalogAssetStore/images/catalog/productImages/37/5014067345337/5014067345337_S.jpeg" alt="" />
	                                </a>
	                            </h4>
	                            
	                        </div>
	                    </div>
	                    <!--ThumbnailRestriction -->
                    </div>                
            
                <!-- END CatalogEntryThumbnailMerchandisingAssociation.jspf --><!-- END MerchandisingAssociationsDisplay.jsp --> 
                </div>
        <!-- END CatalogEntryThumbnailDisplay.jsp -->
	                            </li>
                                <!-- BEGIN MerchandisingAssociationsDisplay.jsp --><!-- Start - JSP File Name:  MerchandisingAssociationsDisplay.jsp --><!-- END MerchandisingAssociationsDisplay.jsp -->
                                
	                            <li class="gridItem">
		                                   <!-- BEGIN CatalogEntryThumbnailDisplay.jsp -->
            <div class="product "
                >
                
                     
                <div class="productInfo">
                    <div class="productNameAndPromotions">
                        
                                  <h3>
                                    <a href="https://www.sainsburys.co.uk/shop/gb/groceries/berries-cherries-currants/sainsburys-raspberries-225g" >
                                        Sainsbury's Raspberries 225g
                                        <img src="//www.sainsburys.co.uk/wcsstore7.28.113/SainsburysStorefrontAssetStore/wcassets/product_images/media_7555636_L.jpg" alt="" />
                                    </a>
                                </h3>
                              
                    </div> 
                </div>
                
                <div class="errorBanner hidden" id="error124147"></div>
                <div class="addToTrolleytabBox">   
                    <!--addToTrolleytabBox GRID VIEW --><!-- Start UserSubscribedOrNot.jspf --><!-- Start UserSubscribedOrNot.jsp --><!-- 
			If the user is not logged in, render this opening 
			DIV adding an addtional class to fix the border top which is removed 
			and replaced by the tabs
		-->
		<div class="addToTrolleytabContainer addItemBorderTop">
	<!-- End AddToSubscriptionList.jsp --><!-- End AddSubscriptionList.jspf --><!-- 
                    ATTENTION!!!
                    <div class="addToTrolleytabContainer">
                    This opening div is inside "../../ReusableObjects/UserSubscribedOrNot.jsp"
                    -->
                    <div class="pricingAndTrolleyOptions">
                        
                                    <div class="priceTab priceTabContainer activeContainer addItem" id="addItem_124147">
                                       <div class="pricing">
                                           
	<p class="pricePerUnit">
    Â£2.00<abbr title="per">/</abbr><abbr title="unit"><span class="pricePerUnitUnit">unit</span></abbr>
</p>
 
    <p class="pricePerMeasure">Â£8.89<abbr 
            title="per">/</abbr><abbr 
            title="kilogram"><span class="pricePerMeasureMeasure">kg</span></abbr>
    </p>

                                       </div>                                      

                                     
                                        <div class="addToTrolleyForm "> 
                                           <!-- BEGIN AddToTrolley.jsp --><!-- fire an on add to bag here from  -->
		
		<form class="addToTrolleyForm" name="OrderItemAddForm_124147" action="OrderItemAdd" method="post" id="OrderItemAddForm_124147" class="addToTrolleyForm">
		    <input type="hidden" name="storeId" value="10151"/>
		    <input type="hidden" name="langId" value="44"/>
		    <input type="hidden" name="catalogId" value="10123"/>
		    
		    
		    <input type="hidden" name="errorViewName" value="CategoryDisplayView"/>
		    <input type="hidden" name="SKU_ID" value="7555636"/>
		    <input type="hidden" name="itemType" value=""/>
		    
		    
	           <input type="hidden" name="ItemSKU_ID" value="7555636"/>
	        
		        <label class="access" for="quantity_124146">Quantity</label>
		        
					<input name="quantity"  id="quantity_124146" type="text" size="3" value="1" class="quantity"   />
				
                    <input type="hidden" name="catEntryId" value="124147"/>
                

		        <input type="hidden" name="productId" value="124146"/>
		        
		
		    <input type="hidden" name="URL" value="https://www.sainsburys.co.uk/webapp/wcs/stores/servlet/CategoryDisplay?langId=44&amp;storeId=10151&amp;krypto=D32KOcKfYA4Hvwso0i753dr1iIhAu0csku86SmELgEaQR9P8v2A2%2BPZCDQQrPknP4Jh5LpA5Os8C3TablW9eBLENLKFCZpf1CNYh6SDvSCqy9lZtSpAyelxddGfuzkoi8%2BSG2DgbdPE7xxt%2FzuYP88giPluAtHbXE1k%2Fds2ZCyc%3D&amp;ddkey=https%3Agb%2Fgroceries%2Ffruit-veg%2Fberries-cherries-currants"/>
		    <input type="hidden" name="page" value=""/>
		    <input type="hidden" name="contractId" value=""/>
		    <input type="hidden" name="calculateOrder" value="1"/>
		    <input type="hidden" name="calculationUsage" value="-1,-2,-3"/>
		    <input type="hidden" name="updateable" value="1"/>
		    <input type="hidden" name="merge" value="***"/>
		     
		   	<input type="hidden" name="callAjax" value="false"/>
		   	
		    
		        <input class="button process"  type="submit" name="Add" value="Add" />
			


		</form>
	<!-- END AddToTrolley.jsp -->
        <div class="numberInTrolley hidden numberInTrolley_124146" id="numberInTrolley_124146">
            
        </div>
    
                                        </div>

                                        <!-- BEGIN CatalogEntryRatingsReviewsInfo.jspf --><!-- productAllowedRatingsAndReviews: true -->
    <div class="reviews">
        
            <a class="numberOfReviews" href="https://www.sainsburys.co.uk/shop/gb/groceries/berries-cherries-currants/sainsburys-raspberries-225g" >
                <img src="//www.sainsburys.co.uk/wcsstore7.28.113/SainsburysStorefrontAssetStore/img/stars/rating-2_3.gif" alt="2.25" border="0"/>&nbsp; 
                Reviews (4)
            </a>
        
    </div>
<!-- END CatalogEntryRatingsReviewsInfo.jspf -->
                                   </div>
                               <!-- Start AddToSubscriptionList.jspf --><!-- Start AddToSubscriptionList.jsp --><!-- End AddToSubscriptionList.jsp --><!-- End AddToSubscriptionList.jspf -->     
                    </div>
                            
                    
    
    <div class="badges">
        <ul>
            
                    
                    
                    
                     <li  class="lastchild" >

                        
                            <a href="/shop/gb/groceries/get-ideas/delivery-and-guides/freshness" >
                                         
                        <img src="/wcsstore7.28.113/SainsburysStorefrontAssetStore/wcassets/icons/typical_life/typical_life_2days.jpg" alt="Typical life 2 days" />
                            
                        
                            </a>    
                        
                    </li>
                
        </ul>   
    </div>

                </div>     
            </div>
            <!--ThumbnailRestriction --><!-- END CatalogEntryThumbnailDisplay.jsp -->
	                            </li>
                                <!-- BEGIN MerchandisingAssociationsDisplay.jsp --><!-- Start - JSP File Name:  MerchandisingAssociationsDisplay.jsp --><!-- END MerchandisingAssociationsDisplay.jsp -->
                                
	                            <li class="gridItem">
		                                   <!-- BEGIN CatalogEntryThumbnailDisplay.jsp -->
            <div class="product "
                >
                
                     
                <div class="productInfo">
                    <div class="productNameAndPromotions">
                        
                                  <h3>
                                    <a href="https://www.sainsburys.co.uk/shop/gb/groceries/berries-cherries-currants/sainsburys-blackberries--sweet-150g" >
                                        Sainsbury's Blackberries, Sweet 150g
                                        <img src="//www.sainsburys.co.uk/wcsstore7.28.113/ExtendedSitesCatalogAssetStore/images/catalog/productImages/32/0000001848632/0000001848632_L.jpeg" alt="" />
                                    </a>
                                </h3>
                              
                    </div> 
                </div>
                
                <div class="errorBanner hidden" id="error126067"></div>
                <div class="addToTrolleytabBox">   
                    <!--addToTrolleytabBox GRID VIEW --><!-- Start UserSubscribedOrNot.jspf --><!-- Start UserSubscribedOrNot.jsp --><!-- 
			If the user is not logged in, render this opening 
			DIV adding an addtional class to fix the border top which is removed 
			and replaced by the tabs
		-->
		<div class="addToTrolleytabContainer addItemBorderTop">
	<!-- End AddToSubscriptionList.jsp --><!-- End AddSubscriptionList.jspf --><!-- 
                    ATTENTION!!!
                    <div class="addToTrolleytabContainer">
                    This opening div is inside "../../ReusableObjects/UserSubscribedOrNot.jsp"
                    -->
                    <div class="pricingAndTrolleyOptions">
                        
                                    <div class="priceTab priceTabContainer activeContainer addItem" id="addItem_126067">
                                       <div class="pricing">
                                           
	<p class="pricePerUnit">
    Â£2.00<abbr title="per">/</abbr><abbr title="unit"><span class="pricePerUnitUnit">unit</span></abbr>
</p>
 
    <p class="pricePerMeasure">Â£13.33<abbr 
            title="per">/</abbr><abbr 
            title="kilogram"><span class="pricePerMeasureMeasure">kg</span></abbr>
    </p>

                                       </div>                                      

                                     
                                        <div class="addToTrolleyForm "> 
                                           <!-- BEGIN AddToTrolley.jsp --><!-- fire an on add to bag here from  -->
		
		<form class="addToTrolleyForm" name="OrderItemAddForm_126067" action="OrderItemAdd" method="post" id="OrderItemAddForm_126067" class="addToTrolleyForm">
		    <input type="hidden" name="storeId" value="10151"/>
		    <input type="hidden" name="langId" value="44"/>
		    <input type="hidden" name="catalogId" value="10123"/>
		    
		    
		    <input type="hidden" name="errorViewName" value="CategoryDisplayView"/>
		    <input type="hidden" name="SKU_ID" value="7572753"/>
		    <input type="hidden" name="itemType" value=""/>
		    
		    
	           <input type="hidden" name="ItemSKU_ID" value="7572753"/>
	        
		        <label class="access" for="quantity_126066">Quantity</label>
		        
					<input name="quantity"  id="quantity_126066" type="text" size="3" value="1" class="quantity"   />
				
                    <input type="hidden" name="catEntryId" value="126067"/>
                

		        <input type="hidden" name="productId" value="126066"/>
		        
		
		    <input type="hidden" name="URL" value="https://www.sainsburys.co.uk/webapp/wcs/stores/servlet/CategoryDisplay?langId=44&amp;storeId=10151&amp;krypto=D32KOcKfYA4Hvwso0i753dr1iIhAu0csku86SmELgEaQR9P8v2A2%2BPZCDQQrPknP4Jh5LpA5Os8C3TablW9eBLENLKFCZpf1CNYh6SDvSCqy9lZtSpAyelxddGfuzkoi8%2BSG2DgbdPE7xxt%2FzuYP88giPluAtHbXE1k%2Fds2ZCyc%3D&amp;ddkey=https%3Agb%2Fgroceries%2Ffruit-veg%2Fberries-cherries-currants"/>
		    <input type="hidden" name="page" value=""/>
		    <input type="hidden" name="contractId" value=""/>
		    <input type="hidden" name="calculateOrder" value="1"/>
		    <input type="hidden" name="calculationUsage" value="-1,-2,-3"/>
		    <input type="hidden" name="updateable" value="1"/>
		    <input type="hidden" name="merge" value="***"/>
		     
		   	<input type="hidden" name="callAjax" value="false"/>
		   	
		    
		        <input class="button process"  type="submit" name="Add" value="Add" />
			


		</form>
	<!-- END AddToTrolley.jsp -->
        <div class="numberInTrolley hidden numberInTrolley_126066" id="numberInTrolley_126066">
            
        </div>
    
                                        </div>

                                        <!-- BEGIN CatalogEntryRatingsReviewsInfo.jspf --><!-- productAllowedRatingsAndReviews: true -->
    <div class="reviews">
        
	        <a class="numberOfReviews repressive" href="http://reviews.sainsburys.co.uk//8076-en_gb/7572753-P/writereview.htm?submissionurl=https%3A%2F%2Fwww.sainsburys.co.uk%2Fwebapp%2Fwcs%2Fstores%2Fservlet%2FBVReviewSubmitDisplay%3FcatalogId%3D10123%26storeId%3D10151%26recipe%3D%26langId%3D44%26productId%3D7572753-P&return=https%3A%2F%2Fwww.sainsburys.co.uk%2Fwebapp%2Fwcs%2Fstores%2Fservlet%2Fhttp%3A%2F%2Fwww.sainsburys.co.uk%2Fshop%2FCategoryDisplay%3FpageSize%3D36%26catalogId%3D10123%26level%3D2%26top_category%3D12518%26parent_category_rn%3D12518%26langId%3D44%26categoryId%3D12563%26beginIndex%3D0%26storeId%3D10151" >
	    Write a review
          	</a>
        
    </div>
<!-- END CatalogEntryRatingsReviewsInfo.jspf -->
                                   </div>
                               <!-- Start AddToSubscriptionList.jspf --><!-- Start AddToSubscriptionList.jsp --><!-- End AddToSubscriptionList.jsp --><!-- End AddToSubscriptionList.jspf -->     
                    </div>
                            
                    
                </div>     
            </div>
            <!--ThumbnailRestriction --><!-- END CatalogEntryThumbnailDisplay.jsp -->
	                            </li>
                                <!-- BEGIN MerchandisingAssociationsDisplay.jsp --><!-- Start - JSP File Name:  MerchandisingAssociationsDisplay.jsp --><!-- END MerchandisingAssociationsDisplay.jsp -->
                                
	                            <li class="gridItem">
		                                   <!-- BEGIN CatalogEntryThumbnailDisplay.jsp -->
            <div class="product "
                >
                
                     
                <div class="productInfo">
                    <div class="productNameAndPromotions">
                        
                                  <h3>
                                    <a href="https://www.sainsburys.co.uk/shop/gb/groceries/berries-cherries-currants/sainsburys-blueberries-400g" >
                                        Sainsbury's Blueberries 400g
                                        <img src="//www.sainsburys.co.uk/wcsstore7.28.113/ExtendedSitesCatalogAssetStore/images/catalog/productImages/74/0000001835274/0000001835274_L.jpeg" alt="" />
                                    </a>
                                </h3>
                              
                    </div> 
                </div>
                
                <div class="errorBanner hidden" id="error124101"></div>
                <div class="addToTrolleytabBox">   
                    <!--addToTrolleytabBox GRID VIEW --><!-- Start UserSubscribedOrNot.jspf --><!-- Start UserSubscribedOrNot.jsp --><!-- 
			If the user is not logged in, render this opening 
			DIV adding an addtional class to fix the border top which is removed 
			and replaced by the tabs
		-->
		<div class="addToTrolleytabContainer addItemBorderTop">
	<!-- End AddToSubscriptionList.jsp --><!-- End AddSubscriptionList.jspf --><!-- 
                    ATTENTION!!!
                    <div class="addToTrolleytabContainer">
                    This opening div is inside "../../ReusableObjects/UserSubscribedOrNot.jsp"
                    -->
                    <div class="pricingAndTrolleyOptions">
                        
                                    <div class="priceTab priceTabContainer activeContainer addItem" id="addItem_124101">
                                       <div class="pricing">
                                           
	<p class="pricePerUnit">
    Â£3.20<abbr title="per">/</abbr><abbr title="unit"><span class="pricePerUnitUnit">unit</span></abbr>
</p>
 
    <p class="pricePerMeasure">Â£8.00<abbr 
            title="per">/</abbr><abbr 
            title="kilogram"><span class="pricePerMeasureMeasure">kg</span></abbr>
    </p>

                                       </div>                                      

                                     
                                        <div class="addToTrolleyForm "> 
                                           <!-- BEGIN AddToTrolley.jsp --><!-- fire an on add to bag here from  -->
		
		<form class="addToTrolleyForm" name="OrderItemAddForm_124101" action="OrderItemAdd" method="post" id="OrderItemAddForm_124101" class="addToTrolleyForm">
		    <input type="hidden" name="storeId" value="10151"/>
		    <input type="hidden" name="langId" value="44"/>
		    <input type="hidden" name="catalogId" value="10123"/>
		    
		    
		    <input type="hidden" name="errorViewName" value="CategoryDisplayView"/>
		    <input type="hidden" name="SKU_ID" value="7555490"/>
		    <input type="hidden" name="itemType" value=""/>
		    
		    
	           <input type="hidden" name="ItemSKU_ID" value="7555490"/>
	        
		        <label class="access" for="quantity_124100">Quantity</label>
		        
					<input name="quantity"  id="quantity_124100" type="text" size="3" value="1" class="quantity"   />
				
                    <input type="hidden" name="catEntryId" value="124101"/>
                

		        <input type="hidden" name="productId" value="124100"/>
		        
		
		    <input type="hidden" name="URL" value="https://www.sainsburys.co.uk/webapp/wcs/stores/servlet/CategoryDisplay?langId=44&amp;storeId=10151&amp;krypto=D32KOcKfYA4Hvwso0i753dr1iIhAu0csku86SmELgEaQR9P8v2A2%2BPZCDQQrPknP4Jh5LpA5Os8C3TablW9eBLENLKFCZpf1CNYh6SDvSCqy9lZtSpAyelxddGfuzkoi8%2BSG2DgbdPE7xxt%2FzuYP88giPluAtHbXE1k%2Fds2ZCyc%3D&amp;ddkey=https%3Agb%2Fgroceries%2Ffruit-veg%2Fberries-cherries-currants"/>
		    <input type="hidden" name="page" value=""/>
		    <input type="hidden" name="contractId" value=""/>
		    <input type="hidden" name="calculateOrder" value="1"/>
		    <input type="hidden" name="calculationUsage" value="-1,-2,-3"/>
		    <input type="hidden" name="updateable" value="1"/>
		    <input type="hidden" name="merge" value="***"/>
		     
		   	<input type="hidden" name="callAjax" value="false"/>
		   	
		    
		        <input class="button process"  type="submit" name="Add" value="Add" />
			


		</form>
	<!-- END AddToTrolley.jsp -->
        <div class="numberInTrolley hidden numberInTrolley_124100" id="numberInTrolley_124100">
            
        </div>
    
                                        </div>

                                        <!-- BEGIN CatalogEntryRatingsReviewsInfo.jspf --><!-- productAllowedRatingsAndReviews: true -->
    <div class="reviews">
        
	        <a class="numberOfReviews repressive" href="http://reviews.sainsburys.co.uk//8076-en_gb/7555490-P/writereview.htm?submissionurl=https%3A%2F%2Fwww.sainsburys.co.uk%2Fwebapp%2Fwcs%2Fstores%2Fservlet%2FBVReviewSubmitDisplay%3FcatalogId%3D10123%26storeId%3D10151%26recipe%3D%26langId%3D44%26productId%3D7555490-P&return=https%3A%2F%2Fwww.sainsburys.co.uk%2Fwebapp%2Fwcs%2Fstores%2Fservlet%2Fhttp%3A%2F%2Fwww.sainsburys.co.uk%2Fshop%2FCategoryDisplay%3FpageSize%3D36%26catalogId%3D10123%26level%3D2%26top_category%3D12518%26parent_category_rn%3D12518%26langId%3D44%26categoryId%3D12563%26beginIndex%3D0%26storeId%3D10151" >
	    Write a review
          	</a>
        
    </div>
<!-- END CatalogEntryRatingsReviewsInfo.jspf -->
                                   </div>
                               <!-- Start AddToSubscriptionList.jspf --><!-- Start AddToSubscriptionList.jsp --><!-- End AddToSubscriptionList.jsp --><!-- End AddToSubscriptionList.jspf -->     
                    </div>
                            
                    
    
    <div class="badges">
        <ul>
            
                    
                    
                    
                     <li  class="lastchild" >

                        
                            <a href="/shop/gb/groceries/get-ideas/delivery-and-guides/freshness" >
                                         
                        <img src="/wcsstore7.28.113/SainsburysStorefrontAssetStore/wcassets/icons/typical_life/typical_life_2days.jpg" alt="Typical life 2 days" />
                            
                        
                            </a>    
                        
                    </li>
                
        </ul>   
    </div>

                </div>     
            </div>
            <!--ThumbnailRestriction --><!-- END CatalogEntryThumbnailDisplay.jsp -->
	                            </li>
                                <!-- BEGIN MerchandisingAssociationsDisplay.jsp --><!-- Start - JSP File Name:  MerchandisingAssociationsDisplay.jsp -->
    <div class="coverage ranged"></div>
<!-- END MerchandisingAssociationsDisplay.jsp -->
                                
	                            <li class="gridItem">
		                                   <!-- BEGIN CatalogEntryThumbnailDisplay.jsp -->
                    <div id="hasCrossSell_124087"class="product hasCrossSell "
                    >
                    
                        <div class="productInfo">
                            <div class="productNameAndPromotions">
                                
                                        <h3>
                                            <a href="https://www.sainsburys.co.uk/shop/gb/groceries/berries-cherries-currants/sainsburys-blueberries--so-organic-150g" >
                                                Sainsbury's Blueberries, SO Organic 150g
                                                <img src="//www.sainsburys.co.uk/wcsstore7.28.113/SainsburysStorefrontAssetStore/wcassets/product_images/media_7555452_L.jpg" alt="" />
                                            </a>
                                        </h3>
                                       
                            </div>
                             
                        </div>
                        
                        
                        
                    
                    <div class="errorBanner hidden" id="error124087"></div>                                 
                    
                    <div class="addToTrolleytabBox">
                        <!-- Start UserSubscribedOrNot.jspf --><!-- Start UserSubscribedOrNot.jsp --><!-- 
			If the user is not logged in, render this opening 
			DIV adding an addtional class to fix the border top which is removed 
			and replaced by the tabs
		-->
		<div class="addToTrolleytabContainer addItemBorderTop">
	<!-- End AddToSubscriptionList.jsp --><!-- End AddSubscriptionList.jspf --><!-- 
                        ATTENTION!!!
                        <div class="addToTrolleytabContainer">
                        This opening div is inside "../../ReusableObjects/UserSubscribedOrNot.jsp"
                        -->
                        
                        <!--  <div class="pricingAndTrolleyFormWrapper"> -->
                    <div class="pricingAndTrolleyOptions">   
                        <div class="priceTab activeContainer priceTabContainer" id="addItem_124087"> 
                            <div class="pricing">
                                
	<p class="pricePerUnit">
    Â£2.70<abbr title="per">/</abbr><abbr title="unit"><span class="pricePerUnitUnit">unit</span></abbr>
</p>
 
    <p class="pricePerMeasure">Â£18.00<abbr 
            title="per">/</abbr><abbr 
            title="kilogram"><span class="pricePerMeasureMeasure">kg</span></abbr>
    </p>

                            </div>                        
                            
                                        <div class="addToTrolleyForm ">                                       
                                            
                                            <!-- BEGIN AddToTrolley.jsp --><!-- fire an on add to bag here from  -->
		
		<form class="addToTrolleyForm" name="OrderItemAddForm_124087" action="OrderItemAdd" method="post" id="OrderItemAddForm_124087" class="addToTrolleyForm">
		    <input type="hidden" name="storeId" value="10151"/>
		    <input type="hidden" name="langId" value="44"/>
		    <input type="hidden" name="catalogId" value="10123"/>
		    
		    
		    <input type="hidden" name="errorViewName" value="CategoryDisplayView"/>
		    <input type="hidden" name="SKU_ID" value="7555452"/>
		    <input type="hidden" name="itemType" value=""/>
		    
		    
	           <input type="hidden" name="ItemSKU_ID" value="7555452"/>
	        
		        <label class="access" for="quantity_124086">Quantity</label>
		        
					<input name="quantity"  id="quantity_124086" type="text" size="3" value="1" class="quantity"   />
				
                    <input type="hidden" name="catEntryId" value="124087"/>
                

		        <input type="hidden" name="productId" value="124086"/>
		        
		
		    <input type="hidden" name="URL" value="https://www.sainsburys.co.uk/webapp/wcs/stores/servlet/CategoryDisplay?langId=44&amp;storeId=10151&amp;krypto=D32KOcKfYA4Hvwso0i753dr1iIhAu0csku86SmELgEaQR9P8v2A2%2BPZCDQQrPknP4Jh5LpA5Os8C3TablW9eBLENLKFCZpf1CNYh6SDvSCqy9lZtSpAyelxddGfuzkoi8%2BSG2DgbdPE7xxt%2FzuYP88giPluAtHbXE1k%2Fds2ZCyc%3D&amp;ddkey=https%3Agb%2Fgroceries%2Ffruit-veg%2Fberries-cherries-currants"/>
		    <input type="hidden" name="page" value=""/>
		    <input type="hidden" name="contractId" value=""/>
		    <input type="hidden" name="calculateOrder" value="1"/>
		    <input type="hidden" name="calculationUsage" value="-1,-2,-3"/>
		    <input type="hidden" name="updateable" value="1"/>
		    <input type="hidden" name="merge" value="***"/>
		     
		   	<input type="hidden" name="callAjax" value="false"/>
		   	
		    
		        <input class="button process"  type="submit" name="Add" value="Add" />
			


		</form>
	<!-- END AddToTrolley.jsp -->
        <div class="numberInTrolley hidden numberInTrolley_124086" id="numberInTrolley_124086">
            
        </div>
    
                                        </div>
                                        
                        </div>
                        <!-- Start AddToSubscriptionList.jspf --><!-- Start AddToSubscriptionList.jsp --><!-- End AddToSubscriptionList.jsp --><!-- End AddToSubscriptionList.jspf -->
                    </div>
                                
                        <!-- </div> -->
                </div>     
            </div>

            <!--ThumbnailRestriction -->
                        
               <div id="additionalItems_124087" class="additionalItems">
                    <!-- BEGIN MerchandisingAssociationsDisplay.jsp --><!-- Start - JSP File Name:  MerchandisingAssociationsDisplay.jsp --><!-- BEGIN CatalogEntryThumbnailMerchandisingAssociation.jspf -->                    
                    <div id="sitecatalyst_SELL_TYPE_1200634" class="siteCatalystTag">X-SELL</div>
                    <div class="crossSell">
                        <div class="crossSellTitle">
                            <!-- BEGIN ContentDisplay.jsp -->
	                <img
	                    src='/wcsstore7.28.113/SainsburysStorefrontAssetStore/wcassets/merchandising_associations/great_with_grid_202x32.gif'
	                    alt='wcassets/merchandising_associations/great_with_grid_202x32.gif'
	                    border="0"
	                />
	                <!-- end: ContentDisplay.jsp -->
                        </div>
                        <div class="errorBanner hidden" id="error10770481200635"></div>
                        <div class="crossSellContent">
	                        <div class="pricingAndTrolleyFormWrapper"> 
		                         <div class="pricingReviews">
		                            <div class="pricing">
		                                
	<p class="pricePerUnit">
    Â£3.30<abbr title="per">/</abbr><abbr title="unit"><span class="pricePerUnitUnit">unit</span></abbr>
</p>
 
    <p class="pricePerMeasure">Â£0.37<abbr 
            title="per">/</abbr>100<abbr 
            title="gram"><span class="pricePerMeasureMeasure">g</span></abbr>
    </p>

		                            </div>
		                        </div>
		                        <div class="addToTrolleyForm ">
		                           
		                            <!-- BEGIN AddToTrolley.jsp --><!-- fire an on add to bag here from  -->
		
		<form class="addToTrolleyForm" name="OrderItemAddForm_1200635_1077048" action="OrderItemAdd" method="post" id="OrderItemAddForm_1077048_1200635" class="addToTrolleyForm">
		    <input type="hidden" name="storeId" value="10151"/>
		    <input type="hidden" name="langId" value="44"/>
		    <input type="hidden" name="catalogId" value="10123"/>
		    
		    
		    <input type="hidden" name="errorViewName" value="CategoryDisplayView"/>
		    <input type="hidden" name="SKU_ID" value="7907073"/>
		    <input type="hidden" name="itemType" value="X-SELL"/>
		    
		    
	           <input type="hidden" name="ItemSKU_ID" value="7907073"/>
	        
		        <label class="access" for="quantity_1200634">Quantity</label>
		        
					<input name="quantity"  id="quantity_1200634" type="text" size="3" value="1" class="quantity"   />
				
                    <input type="hidden" name="catEntryId" value="1200635"/>
                

		        <input type="hidden" name="productId" value="1200634"/>
		        
		
		    <input type="hidden" name="URL" value="https://www.sainsburys.co.uk/webapp/wcs/stores/servlet/CategoryDisplay?langId=44&amp;storeId=10151&amp;krypto=D32KOcKfYA4Hvwso0i753dr1iIhAu0csku86SmELgEaQR9P8v2A2%2BPZCDQQrPknP4Jh5LpA5Os8C3TablW9eBLENLKFCZpf1CNYh6SDvSCqy9lZtSpAyelxddGfuzkoi8%2BSG2DgbdPE7xxt%2FzuYP88giPluAtHbXE1k%2Fds2ZCyc%3D&amp;ddkey=https%3Agb%2Fgroceries%2Ffruit-veg%2Fberries-cherries-currants"/>
		    <input type="hidden" name="page" value=""/>
		    <input type="hidden" name="contractId" value=""/>
		    <input type="hidden" name="calculateOrder" value="1"/>
		    <input type="hidden" name="calculationUsage" value="-1,-2,-3"/>
		    <input type="hidden" name="updateable" value="1"/>
		    <input type="hidden" name="merge" value="***"/>
		     
		   	<input type="hidden" name="callAjax" value="false"/>
		   	
		    
		        <input class="button process"  type="submit" name="Add" value="Add" />
			


		</form>
	<!-- END AddToTrolley.jsp -->
        <div class="numberInTrolley hidden numberInTrolley_1200634" id="numberInTrolley_1200634">
            
        </div>
    
		                        </div>
		                    </div>                
	                        <div class="crossSellInfo">
	                            <h4 class="crossSellName">
                                    <span class="access">Try this product with </span>
	                                <a href="https://www.sainsburys.co.uk/shop/ProductDisplay?storeId=10151&productId=1200634&urlRequestType=Base&langId=44&catalogId=10132">
	                                    The Collective Straight Up Unsweetened Plain Live Yogurt 900g
	                                    <img src="/wcsstore7.28.113/ExtendedSitesCatalogAssetStore/images/catalog/productImages/37/5014067345337/5014067345337_S.jpeg" alt="" />
	                                </a>
	                            </h4>
	                            
	                        </div>
	                    </div>
	                    <!--ThumbnailRestriction -->
                    </div>                
            
                <!-- END CatalogEntryThumbnailMerchandisingAssociation.jspf --><!-- END MerchandisingAssociationsDisplay.jsp --> 
                </div>
        <!-- END CatalogEntryThumbnailDisplay.jsp -->
	                            </li>
                                <!-- BEGIN MerchandisingAssociationsDisplay.jsp --><!-- Start - JSP File Name:  MerchandisingAssociationsDisplay.jsp -->
    <div class="coverage ranged"></div>
<!-- END MerchandisingAssociationsDisplay.jsp -->
                                
	                            <li class="gridItem">
		                                   <!-- BEGIN CatalogEntryThumbnailDisplay.jsp -->
                    <div id="hasCrossSell_1077049"class="product hasCrossSell "
                    >
                    
                        <div class="productInfo">
                            <div class="productNameAndPromotions">
                                
                                        <h3>
                                            <a href="https://www.sainsburys.co.uk/shop/gb/groceries/berries-cherries-currants/sainsburys-strawberries--greengrocer-250g" >
                                                Sainsbury's Strawberries, Greengrocer 250g
                                                <img src="//www.sainsburys.co.uk/wcsstore7.28.113/SainsburysStorefrontAssetStore/wcassets/product_images/2016/july/media_7828571_L.jpg" alt="" />
                                            </a>
                                        </h3>
                                       
                            </div>
                             
                        </div>
                        
                        
                        
                    
                    <div class="errorBanner hidden" id="error1077049"></div>                                 
                    
                    <div class="addToTrolleytabBox">
                        <!-- Start UserSubscribedOrNot.jspf --><!-- Start UserSubscribedOrNot.jsp --><!-- 
			If the user is not logged in, render this opening 
			DIV adding an addtional class to fix the border top which is removed 
			and replaced by the tabs
		-->
		<div class="addToTrolleytabContainer addItemBorderTop">
	<!-- End AddToSubscriptionList.jsp --><!-- End AddSubscriptionList.jspf --><!-- 
                        ATTENTION!!!
                        <div class="addToTrolleytabContainer">
                        This opening div is inside "../../ReusableObjects/UserSubscribedOrNot.jsp"
                        -->
                        
                        <!--  <div class="pricingAndTrolleyFormWrapper"> -->
                    <div class="pricingAndTrolleyOptions">   
                        <div class="priceTab activeContainer priceTabContainer" id="addItem_1077049"> 
                            <div class="pricing">
                                
	<p class="pricePerUnit">
    Â£1.00<abbr title="per">/</abbr><abbr title="unit"><span class="pricePerUnitUnit">unit</span></abbr>
</p>
 
    <p class="pricePerMeasure">Â£4.00<abbr 
            title="per">/</abbr><abbr 
            title="kilogram"><span class="pricePerMeasureMeasure">kg</span></abbr>
    </p>

                            </div>                        
                            
                                        <div class="addToTrolleyForm ">                                       
                                            
                                            <!-- BEGIN AddToTrolley.jsp --><!-- fire an on add to bag here from  -->
		
		<form class="addToTrolleyForm" name="OrderItemAddForm_1077049" action="OrderItemAdd" method="post" id="OrderItemAddForm_1077049" class="addToTrolleyForm">
		    <input type="hidden" name="storeId" value="10151"/>
		    <input type="hidden" name="langId" value="44"/>
		    <input type="hidden" name="catalogId" value="10123"/>
		    
		    
		    <input type="hidden" name="errorViewName" value="CategoryDisplayView"/>
		    <input type="hidden" name="SKU_ID" value="7828571"/>
		    <input type="hidden" name="itemType" value=""/>
		    
		    
	           <input type="hidden" name="ItemSKU_ID" value="7828571"/>
	        
		        <label class="access" for="quantity_1077048">Quantity</label>
		        
					<input name="quantity"  id="quantity_1077048" type="text" size="3" value="1" class="quantity"   />
				
                    <input type="hidden" name="catEntryId" value="1077049"/>
                

		        <input type="hidden" name="productId" value="1077048"/>
		        
		
		    <input type="hidden" name="URL" value="https://www.sainsburys.co.uk/webapp/wcs/stores/servlet/CategoryDisplay?langId=44&amp;storeId=10151&amp;krypto=D32KOcKfYA4Hvwso0i753dr1iIhAu0csku86SmELgEaQR9P8v2A2%2BPZCDQQrPknP4Jh5LpA5Os8C3TablW9eBLENLKFCZpf1CNYh6SDvSCqy9lZtSpAyelxddGfuzkoi8%2BSG2DgbdPE7xxt%2FzuYP88giPluAtHbXE1k%2Fds2ZCyc%3D&amp;ddkey=https%3Agb%2Fgroceries%2Ffruit-veg%2Fberries-cherries-currants"/>
		    <input type="hidden" name="page" value=""/>
		    <input type="hidden" name="contractId" value=""/>
		    <input type="hidden" name="calculateOrder" value="1"/>
		    <input type="hidden" name="calculationUsage" value="-1,-2,-3"/>
		    <input type="hidden" name="updateable" value="1"/>
		    <input type="hidden" name="merge" value="***"/>
		     
		   	<input type="hidden" name="callAjax" value="false"/>
		   	
		    
		        <input class="button process"  type="submit" name="Add" value="Add" />
			


		</form>
	<!-- END AddToTrolley.jsp -->
        <div class="numberInTrolley hidden numberInTrolley_1077048" id="numberInTrolley_1077048">
            
        </div>
    
                                        </div>
                                        
                        </div>
                        <!-- Start AddToSubscriptionList.jspf --><!-- Start AddToSubscriptionList.jsp --><!-- End AddToSubscriptionList.jsp --><!-- End AddToSubscriptionList.jspf -->
                    </div>
                                
                        <!-- </div> -->
                </div>     
            </div>

            <!--ThumbnailRestriction -->
                        
               <div id="additionalItems_1077049" class="additionalItems">
                    <!-- BEGIN MerchandisingAssociationsDisplay.jsp --><!-- Start - JSP File Name:  MerchandisingAssociationsDisplay.jsp --><!-- BEGIN CatalogEntryThumbnailMerchandisingAssociation.jspf -->                    
                    <div id="sitecatalyst_SELL_TYPE_1200634" class="siteCatalystTag">X-SELL</div>
                    <div class="crossSell">
                        <div class="crossSellTitle">
                            <!-- BEGIN ContentDisplay.jsp -->
	                <img
	                    src='/wcsstore7.28.113/SainsburysStorefrontAssetStore/wcassets/merchandising_associations/great_with_grid_202x32.gif'
	                    alt='wcassets/merchandising_associations/great_with_grid_202x32.gif'
	                    border="0"
	                />
	                <!-- end: ContentDisplay.jsp -->
                        </div>
                        <div class="errorBanner hidden" id="error10770481200635"></div>
                        <div class="crossSellContent">
	                        <div class="pricingAndTrolleyFormWrapper"> 
		                         <div class="pricingReviews">
		                            <div class="pricing">
		                                
	<p class="pricePerUnit">
    Â£3.30<abbr title="per">/</abbr><abbr title="unit"><span class="pricePerUnitUnit">unit</span></abbr>
</p>
 
    <p class="pricePerMeasure">Â£0.37<abbr 
            title="per">/</abbr>100<abbr 
            title="gram"><span class="pricePerMeasureMeasure">g</span></abbr>
    </p>

		                            </div>
		                        </div>
		                        <div class="addToTrolleyForm ">
		                           
		                            <!-- BEGIN AddToTrolley.jsp --><!-- fire an on add to bag here from  -->
		
		<form class="addToTrolleyForm" name="OrderItemAddForm_1200635_1077048" action="OrderItemAdd" method="post" id="OrderItemAddForm_1077048_1200635" class="addToTrolleyForm">
		    <input type="hidden" name="storeId" value="10151"/>
		    <input type="hidden" name="langId" value="44"/>
		    <input type="hidden" name="catalogId" value="10123"/>
		    
		    
		    <input type="hidden" name="errorViewName" value="CategoryDisplayView"/>
		    <input type="hidden" name="SKU_ID" value="7907073"/>
		    <input type="hidden" name="itemType" value="X-SELL"/>
		    
		    
	           <input type="hidden" name="ItemSKU_ID" value="7907073"/>
	        
		        <label class="access" for="quantity_1200634">Quantity</label>
		        
					<input name="quantity"  id="quantity_1200634" type="text" size="3" value="1" class="quantity"   />
				
                    <input type="hidden" name="catEntryId" value="1200635"/>
                

		        <input type="hidden" name="productId" value="1200634"/>
		        
		
		    <input type="hidden" name="URL" value="https://www.sainsburys.co.uk/webapp/wcs/stores/servlet/CategoryDisplay?langId=44&amp;storeId=10151&amp;krypto=D32KOcKfYA4Hvwso0i753dr1iIhAu0csku86SmELgEaQR9P8v2A2%2BPZCDQQrPknP4Jh5LpA5Os8C3TablW9eBLENLKFCZpf1CNYh6SDvSCqy9lZtSpAyelxddGfuzkoi8%2BSG2DgbdPE7xxt%2FzuYP88giPluAtHbXE1k%2Fds2ZCyc%3D&amp;ddkey=https%3Agb%2Fgroceries%2Ffruit-veg%2Fberries-cherries-currants"/>
		    <input type="hidden" name="page" value=""/>
		    <input type="hidden" name="contractId" value=""/>
		    <input type="hidden" name="calculateOrder" value="1"/>
		    <input type="hidden" name="calculationUsage" value="-1,-2,-3"/>
		    <input type="hidden" name="updateable" value="1"/>
		    <input type="hidden" name="merge" value="***"/>
		     
		   	<input type="hidden" name="callAjax" value="false"/>
		   	
		    
		        <input class="button process"  type="submit" name="Add" value="Add" />
			


		</form>
	<!-- END AddToTrolley.jsp -->
        <div class="numberInTrolley hidden numberInTrolley_1200634" id="numberInTrolley_1200634">
            
        </div>
    
		                        </div>
		                    </div>                
	                        <div class="crossSellInfo">
	                            <h4 class="crossSellName">
                                    <span class="access">Try this product with </span>
	                                <a href="https://www.sainsburys.co.uk/shop/ProductDisplay?storeId=10151&productId=1200634&urlRequestType=Base&langId=44&catalogId=10132">
	                                    The Collective Straight Up Unsweetened Plain Live Yogurt 900g
	                                    <img src="/wcsstore7.28.113/ExtendedSitesCatalogAssetStore/images/catalog/productImages/37/5014067345337/5014067345337_S.jpeg" alt="" />
	                                </a>
	                            </h4>
	                            
	                        </div>
	                    </div>
	                    <!--ThumbnailRestriction -->
                    </div>                
            
                <!-- END CatalogEntryThumbnailMerchandisingAssociation.jspf --><!-- END MerchandisingAssociationsDisplay.jsp --> 
                </div>
        <!-- END CatalogEntryThumbnailDisplay.jsp -->
	                            </li>
                                <!-- BEGIN MerchandisingAssociationsDisplay.jsp --><!-- Start - JSP File Name:  MerchandisingAssociationsDisplay.jsp --><!-- END MerchandisingAssociationsDisplay.jsp -->
                                
	                            <li class="gridItem">
		                                   <!-- BEGIN CatalogEntryThumbnailDisplay.jsp -->
            <div class="product  highlighted specialOffer"
                >
                
                     
                <div class="productInfo">
                    <div class="productNameAndPromotions">
                        
                                  <h3>
                                    <a href="https://www.sainsburys.co.uk/shop/gb/groceries/berries-cherries-currants/sainsburys-british-strawberries-600g-7644644-p-44" >
                                        Sainsbury's Strawberries 600g
                                        <img src="//www.sainsburys.co.uk/wcsstore7.28.113/ExtendedSitesCatalogAssetStore/images/catalog/productImages/65/0000000122665/0000000122665_L.jpeg" alt="" />
                                    </a>
                                </h3>
                              
    <div class="promotion">
                   
		            <p><a href="https://www.sainsburys.co.uk/shop/PromotionDisplayView?catalogId=10123&langId=44&productId=581680&storeId=10151&promotionId=10311444"><!-- BEGIN include/PromotionStrapline.jspf -->Only Â£2.30: Save 55p<br/>

<!-- FINISH include/PromotionStrapline.jspf -->
		            </a></p>
		                        
    </div>

                    </div> 
                </div>
                
            <div class="strapline">
                <a href="https://www.sainsburys.co.uk/shop/PromotionDisplayView?catalogId=10123&langId=44&productId=581680&storeId=10151&promotionId=10311444"><img src="/wcsstore7.28.113/SainsburysStorefrontAssetStore/wcassets/icons/special/img-special-offer.png" alt="Special Offer" />
                </a>
            </div>
          
                <div class="errorBanner hidden" id="error581681"></div>
                <div class="addToTrolleytabBox">   
                    <!--addToTrolleytabBox GRID VIEW --><!-- Start UserSubscribedOrNot.jspf --><!-- Start UserSubscribedOrNot.jsp --><!-- 
			If the user is not logged in, render this opening 
			DIV adding an addtional class to fix the border top which is removed 
			and replaced by the tabs
		-->
		<div class="addToTrolleytabContainer addItemBorderTop">
	<!-- End AddToSubscriptionList.jsp --><!-- End AddSubscriptionList.jspf --><!-- 
                    ATTENTION!!!
                    <div class="addToTrolleytabContainer">
                    This opening div is inside "../../ReusableObjects/UserSubscribedOrNot.jsp"
                    -->
                    <div class="pricingAndTrolleyOptions">
                        
                                    <div class="priceTab priceTabContainer activeContainer addItem" id="addItem_581681">
                                       <div class="pricing">
                                           
	<p class="pricePerUnit">
    Â£2.30<abbr title="per">/</abbr><abbr title="unit"><span class="pricePerUnitUnit">unit</span></abbr>
</p>
 
    <p class="pricePerMeasure">Â£3.83<abbr 
            title="per">/</abbr><abbr 
            title="kilogram"><span class="pricePerMeasureMeasure">kg</span></abbr>
    </p>

                                       </div>                                      

                                     
                                        <div class="addToTrolleyForm "> 
                                           <!-- BEGIN AddToTrolley.jsp --><!-- fire an on add to bag here from  -->
		
		<form class="addToTrolleyForm" name="OrderItemAddForm_581681" action="OrderItemAdd" method="post" id="OrderItemAddForm_581681" class="addToTrolleyForm">
		    <input type="hidden" name="storeId" value="10151"/>
		    <input type="hidden" name="langId" value="44"/>
		    <input type="hidden" name="catalogId" value="10123"/>
		    
		    
		    <input type="hidden" name="errorViewName" value="CategoryDisplayView"/>
		    <input type="hidden" name="SKU_ID" value="7644644"/>
		    <input type="hidden" name="itemType" value=""/>
		    
		    
	           <input type="hidden" name="ItemSKU_ID" value="7644644"/>
	        
		        <label class="access" for="quantity_581680">Quantity</label>
		        
					<input name="quantity"  id="quantity_581680" type="text" size="3" value="1" class="quantity"   />
				
                    <input type="hidden" name="catEntryId" value="581681"/>
                

		        <input type="hidden" name="productId" value="581680"/>
		        
		
		    <input type="hidden" name="URL" value="https://www.sainsburys.co.uk/webapp/wcs/stores/servlet/CategoryDisplay?langId=44&amp;storeId=10151&amp;krypto=D32KOcKfYA4Hvwso0i753dr1iIhAu0csku86SmELgEaQR9P8v2A2%2BPZCDQQrPknP4Jh5LpA5Os8C3TablW9eBLENLKFCZpf1CNYh6SDvSCqy9lZtSpAyelxddGfuzkoi8%2BSG2DgbdPE7xxt%2FzuYP88giPluAtHbXE1k%2Fds2ZCyc%3D&amp;ddkey=https%3Agb%2Fgroceries%2Ffruit-veg%2Fberries-cherries-currants"/>
		    <input type="hidden" name="page" value=""/>
		    <input type="hidden" name="contractId" value=""/>
		    <input type="hidden" name="calculateOrder" value="1"/>
		    <input type="hidden" name="calculationUsage" value="-1,-2,-3"/>
		    <input type="hidden" name="updateable" value="1"/>
		    <input type="hidden" name="merge" value="***"/>
		     
		   	<input type="hidden" name="callAjax" value="false"/>
		   	
		    
		        <input class="button process"  type="submit" name="Add" value="Add" />
			


		</form>
	<!-- END AddToTrolley.jsp -->
        <div class="numberInTrolley hidden numberInTrolley_581680" id="numberInTrolley_581680">
            
        </div>
    
                                        </div>

                                        <!-- BEGIN CatalogEntryRatingsReviewsInfo.jspf --><!-- productAllowedRatingsAndReviews: true -->
    <div class="reviews">
        
            <a class="numberOfReviews" href="https://www.sainsburys.co.uk/shop/gb/groceries/berries-cherries-currants/sainsburys-british-strawberries-600g-7644644-p-44" >
                <img src="//www.sainsburys.co.uk/wcsstore7.28.113/SainsburysStorefrontAssetStore/img/stars/rating-2_0.gif" alt="2.0" border="0"/>&nbsp; 
                Reviews (1)
            </a>
        
    </div>
<!-- END CatalogEntryRatingsReviewsInfo.jspf -->
                                   </div>
                               <!-- Start AddToSubscriptionList.jspf --><!-- Start AddToSubscriptionList.jsp --><!-- End AddToSubscriptionList.jsp --><!-- End AddToSubscriptionList.jspf -->     
                    </div>
                            
                    
                </div>     
            </div>
            <!--ThumbnailRestriction --><!-- END CatalogEntryThumbnailDisplay.jsp -->
	                            </li>
                                <!-- BEGIN MerchandisingAssociationsDisplay.jsp --><!-- Start - JSP File Name:  MerchandisingAssociationsDisplay.jsp --><!-- END MerchandisingAssociationsDisplay.jsp -->
                                
	                            <li class="gridItem">
		                                   <!-- BEGIN CatalogEntryThumbnailDisplay.jsp -->
            <div class="product "
                >
                
                     
                <div class="productInfo">
                    <div class="productNameAndPromotions">
                        
                                  <h3>
                                    <a href="https://www.sainsburys.co.uk/shop/gb/groceries/berries-cherries-currants/sainsburys-raspberries--taste-the-difference-150g" >
                                        Sainsbury's Raspberries, Taste the Difference 150g
                                        <img src="//www.sainsburys.co.uk/wcsstore7.28.113/ExtendedSitesCatalogAssetStore/images/catalog/productImages/42/0000001835342/0000001835342_L.jpeg" alt="" />
                                    </a>
                                </h3>
                              
                    </div> 
                </div>
                
                <div class="errorBanner hidden" id="error124163"></div>
                <div class="addToTrolleytabBox">   
                    <!--addToTrolleytabBox GRID VIEW --><!-- Start UserSubscribedOrNot.jspf --><!-- Start UserSubscribedOrNot.jsp --><!-- 
			If the user is not logged in, render this opening 
			DIV adding an addtional class to fix the border top which is removed 
			and replaced by the tabs
		-->
		<div class="addToTrolleytabContainer addItemBorderTop">
	<!-- End AddToSubscriptionList.jsp --><!-- End AddSubscriptionList.jspf --><!-- 
                    ATTENTION!!!
                    <div class="addToTrolleytabContainer">
                    This opening div is inside "../../ReusableObjects/UserSubscribedOrNot.jsp"
                    -->
                    <div class="pricingAndTrolleyOptions">
                        
                                    <div class="priceTab priceTabContainer activeContainer addItem" id="addItem_124163">
                                       <div class="pricing">
                                           
	<p class="pricePerUnit">
    Â£2.50<abbr title="per">/</abbr><abbr title="unit"><span class="pricePerUnitUnit">unit</span></abbr>
</p>
 
    <p class="pricePerMeasure">Â£16.67<abbr 
            title="per">/</abbr><abbr 
            title="kilogram"><span class="pricePerMeasureMeasure">kg</span></abbr>
    </p>

                                       </div>                                      

                                     
                                        <div class="addToTrolleyForm "> 
                                           <!-- BEGIN AddToTrolley.jsp --><!-- fire an on add to bag here from  -->
		
		<form class="addToTrolleyForm" name="OrderItemAddForm_124163" action="OrderItemAdd" method="post" id="OrderItemAddForm_124163" class="addToTrolleyForm">
		    <input type="hidden" name="storeId" value="10151"/>
		    <input type="hidden" name="langId" value="44"/>
		    <input type="hidden" name="catalogId" value="10123"/>
		    
		    
		    <input type="hidden" name="errorViewName" value="CategoryDisplayView"/>
		    <input type="hidden" name="SKU_ID" value="7555668"/>
		    <input type="hidden" name="itemType" value=""/>
		    
		    
	           <input type="hidden" name="ItemSKU_ID" value="7555668"/>
	        
		        <label class="access" for="quantity_124162">Quantity</label>
		        
					<input name="quantity"  id="quantity_124162" type="text" size="3" value="1" class="quantity"   />
				
                    <input type="hidden" name="catEntryId" value="124163"/>
                

		        <input type="hidden" name="productId" value="124162"/>
		        
		
		    <input type="hidden" name="URL" value="https://www.sainsburys.co.uk/webapp/wcs/stores/servlet/CategoryDisplay?langId=44&amp;storeId=10151&amp;krypto=D32KOcKfYA4Hvwso0i753dr1iIhAu0csku86SmELgEaQR9P8v2A2%2BPZCDQQrPknP4Jh5LpA5Os8C3TablW9eBLENLKFCZpf1CNYh6SDvSCqy9lZtSpAyelxddGfuzkoi8%2BSG2DgbdPE7xxt%2FzuYP88giPluAtHbXE1k%2Fds2ZCyc%3D&amp;ddkey=https%3Agb%2Fgroceries%2Ffruit-veg%2Fberries-cherries-currants"/>
		    <input type="hidden" name="page" value=""/>
		    <input type="hidden" name="contractId" value=""/>
		    <input type="hidden" name="calculateOrder" value="1"/>
		    <input type="hidden" name="calculationUsage" value="-1,-2,-3"/>
		    <input type="hidden" name="updateable" value="1"/>
		    <input type="hidden" name="merge" value="***"/>
		     
		   	<input type="hidden" name="callAjax" value="false"/>
		   	
		    
		        <input class="button process"  type="submit" name="Add" value="Add" />
			


		</form>
	<!-- END AddToTrolley.jsp -->
        <div class="numberInTrolley hidden numberInTrolley_124162" id="numberInTrolley_124162">
            
        </div>
    
                                        </div>

                                        <!-- BEGIN CatalogEntryRatingsReviewsInfo.jspf --><!-- productAllowedRatingsAndReviews: true -->
    <div class="reviews">
        
	        <a class="numberOfReviews repressive" href="http://reviews.sainsburys.co.uk//8076-en_gb/7555668-P/writereview.htm?submissionurl=https%3A%2F%2Fwww.sainsburys.co.uk%2Fwebapp%2Fwcs%2Fstores%2Fservlet%2FBVReviewSubmitDisplay%3FcatalogId%3D10123%26storeId%3D10151%26recipe%3D%26langId%3D44%26productId%3D7555668-P&return=https%3A%2F%2Fwww.sainsburys.co.uk%2Fwebapp%2Fwcs%2Fstores%2Fservlet%2Fhttp%3A%2F%2Fwww.sainsburys.co.uk%2Fshop%2FCategoryDisplay%3FpageSize%3D36%26catalogId%3D10123%26level%3D2%26top_category%3D12518%26parent_category_rn%3D12518%26langId%3D44%26categoryId%3D12563%26beginIndex%3D0%26storeId%3D10151" >
	    Write a review
          	</a>
        
    </div>
<!-- END CatalogEntryRatingsReviewsInfo.jspf -->
                                   </div>
                               <!-- Start AddToSubscriptionList.jspf --><!-- Start AddToSubscriptionList.jsp --><!-- End AddToSubscriptionList.jsp --><!-- End AddToSubscriptionList.jspf -->     
                    </div>
                            
                    
    
    <div class="badges">
        <ul>
            
                    
                    
                    
                     <li  class="lastchild" >

                        
                            <a href="/shop/gb/groceries/get-ideas/delivery-and-guides/freshness" >
                                         
                        <img src="/wcsstore7.28.113/SainsburysStorefrontAssetStore/wcassets/icons/typical_life/typical_life_2days.jpg" alt="Typical life 2 days" />
                            
                        
                            </a>    
                        
                    </li>
                
        </ul>   
    </div>

                </div>     
            </div>
            <!--ThumbnailRestriction --><!-- END CatalogEntryThumbnailDisplay.jsp -->
	                            </li>
                                <!-- BEGIN MerchandisingAssociationsDisplay.jsp --><!-- Start - JSP File Name:  MerchandisingAssociationsDisplay.jsp --><!-- END MerchandisingAssociationsDisplay.jsp -->
                                
	                            <li class="gridItem">
		                                   <!-- BEGIN CatalogEntryThumbnailDisplay.jsp -->
            <div class="product "
                >
                
                     
                <div class="productInfo">
                    <div class="productNameAndPromotions">
                        
                                  <h3>
                                    <a href="https://www.sainsburys.co.uk/shop/gb/groceries/berries-cherries-currants/sainsburys-blackberries--tangy-150g" >
                                        Sainsbury's Blackberries, Tangy 150g
                                        <img src="//www.sainsburys.co.uk/wcsstore7.28.113/ExtendedSitesCatalogAssetStore/images/catalog/productImages/57/0000001834857/0000001834857_L.jpeg" alt="" />
                                    </a>
                                </h3>
                              
                    </div> 
                </div>
                
                <div class="errorBanner hidden" id="error124059"></div>
                <div class="addToTrolleytabBox">   
                    <!--addToTrolleytabBox GRID VIEW --><!-- Start UserSubscribedOrNot.jspf --><!-- Start UserSubscribedOrNot.jsp --><!-- 
			If the user is not logged in, render this opening 
			DIV adding an addtional class to fix the border top which is removed 
			and replaced by the tabs
		-->
		<div class="addToTrolleytabContainer addItemBorderTop">
	<!-- End AddToSubscriptionList.jsp --><!-- End AddSubscriptionList.jspf --><!-- 
                    ATTENTION!!!
                    <div class="addToTrolleytabContainer">
                    This opening div is inside "../../ReusableObjects/UserSubscribedOrNot.jsp"
                    -->
                    <div class="pricingAndTrolleyOptions">
                        
                                    <div class="priceTab priceTabContainer activeContainer addItem" id="addItem_124059">
                                       <div class="pricing">
                                           
	<p class="pricePerUnit">
    Â£2.00<abbr title="per">/</abbr><abbr title="unit"><span class="pricePerUnitUnit">unit</span></abbr>
</p>
 
    <p class="pricePerMeasure">Â£13.33<abbr 
            title="per">/</abbr><abbr 
            title="kilogram"><span class="pricePerMeasureMeasure">kg</span></abbr>
    </p>

                                       </div>                                      

                                     
                                        <div class="addToTrolleyForm "> 
                                           <!-- BEGIN AddToTrolley.jsp --><!-- fire an on add to bag here from  -->
		
		<form class="addToTrolleyForm" name="OrderItemAddForm_124059" action="OrderItemAdd" method="post" id="OrderItemAddForm_124059" class="addToTrolleyForm">
		    <input type="hidden" name="storeId" value="10151"/>
		    <input type="hidden" name="langId" value="44"/>
		    <input type="hidden" name="catalogId" value="10123"/>
		    
		    
		    <input type="hidden" name="errorViewName" value="CategoryDisplayView"/>
		    <input type="hidden" name="SKU_ID" value="7555125"/>
		    <input type="hidden" name="itemType" value=""/>
		    
		    
	           <input type="hidden" name="ItemSKU_ID" value="7555125"/>
	        
		        <label class="access" for="quantity_124058">Quantity</label>
		        
					<input name="quantity"  id="quantity_124058" type="text" size="3" value="1" class="quantity"   />
				
                    <input type="hidden" name="catEntryId" value="124059"/>
                

		        <input type="hidden" name="productId" value="124058"/>
		        
		
		    <input type="hidden" name="URL" value="https://www.sainsburys.co.uk/webapp/wcs/stores/servlet/CategoryDisplay?langId=44&amp;storeId=10151&amp;krypto=D32KOcKfYA4Hvwso0i753dr1iIhAu0csku86SmELgEaQR9P8v2A2%2BPZCDQQrPknP4Jh5LpA5Os8C3TablW9eBLENLKFCZpf1CNYh6SDvSCqy9lZtSpAyelxddGfuzkoi8%2BSG2DgbdPE7xxt%2FzuYP88giPluAtHbXE1k%2Fds2ZCyc%3D&amp;ddkey=https%3Agb%2Fgroceries%2Ffruit-veg%2Fberries-cherries-currants"/>
		    <input type="hidden" name="page" value=""/>
		    <input type="hidden" name="contractId" value=""/>
		    <input type="hidden" name="calculateOrder" value="1"/>
		    <input type="hidden" name="calculationUsage" value="-1,-2,-3"/>
		    <input type="hidden" name="updateable" value="1"/>
		    <input type="hidden" name="merge" value="***"/>
		     
		   	<input type="hidden" name="callAjax" value="false"/>
		   	
		    
		        <input class="button process"  type="submit" name="Add" value="Add" />
			


		</form>
	<!-- END AddToTrolley.jsp -->
        <div class="numberInTrolley hidden numberInTrolley_124058" id="numberInTrolley_124058">
            
        </div>
    
                                        </div>

                                        <!-- BEGIN CatalogEntryRatingsReviewsInfo.jspf --><!-- productAllowedRatingsAndReviews: true -->
    <div class="reviews">
        
	        <a class="numberOfReviews repressive" href="http://reviews.sainsburys.co.uk//8076-en_gb/7555125-P/writereview.htm?submissionurl=https%3A%2F%2Fwww.sainsburys.co.uk%2Fwebapp%2Fwcs%2Fstores%2Fservlet%2FBVReviewSubmitDisplay%3FcatalogId%3D10123%26storeId%3D10151%26recipe%3D%26langId%3D44%26productId%3D7555125-P&return=https%3A%2F%2Fwww.sainsburys.co.uk%2Fwebapp%2Fwcs%2Fstores%2Fservlet%2Fhttp%3A%2F%2Fwww.sainsburys.co.uk%2Fshop%2FCategoryDisplay%3FpageSize%3D36%26catalogId%3D10123%26level%3D2%26top_category%3D12518%26parent_category_rn%3D12518%26langId%3D44%26categoryId%3D12563%26beginIndex%3D0%26storeId%3D10151" >
	    Write a review
          	</a>
        
    </div>
<!-- END CatalogEntryRatingsReviewsInfo.jspf -->
                                   </div>
                               <!-- Start AddToSubscriptionList.jspf --><!-- Start AddToSubscriptionList.jsp --><!-- End AddToSubscriptionList.jsp --><!-- End AddToSubscriptionList.jspf -->     
                    </div>
                            
                    
    
    <div class="badges">
        <ul>
            
                    
                    
                    
                     <li  class="lastchild" >

                        
                            <a href="/shop/gb/groceries/get-ideas/delivery-and-guides/freshness" >
                                         
                        <img src="/wcsstore7.28.113/SainsburysStorefrontAssetStore/wcassets/icons/typical_life/typical_life_3days.jpg" alt="Typical life 3 days" />
                            
                        
                            </a>    
                        
                    </li>
                
        </ul>   
    </div>

                </div>     
            </div>
            <!--ThumbnailRestriction --><!-- END CatalogEntryThumbnailDisplay.jsp -->
	                            </li>
                                <!-- BEGIN MerchandisingAssociationsDisplay.jsp --><!-- Start - JSP File Name:  MerchandisingAssociationsDisplay.jsp -->
    <div class="coverage ranged"></div>
<!-- END MerchandisingAssociationsDisplay.jsp -->
                                
	                            <li class="gridItem">
		                                   <!-- BEGIN CatalogEntryThumbnailDisplay.jsp -->
                    <div id="hasCrossSell_122141"class="product hasCrossSell  highlighted specialOffer"
                    >
                    
                        <div class="productInfo">
                            <div class="productNameAndPromotions">
                                
                                        <h3>
                                            <a href="https://www.sainsburys.co.uk/shop/gb/groceries/berries-cherries-currants/sainsburys-strawberries--taste-the-difference-300g" >
                                                Sainsbury's Strawberries, Taste the Difference 300g
                                                <img src="//www.sainsburys.co.uk/wcsstore7.28.113/ExtendedSitesCatalogAssetStore/images/catalog/productImages/08/0000001800708/0000001800708_L.jpeg" alt="" />
                                            </a>
                                        </h3>
                                    
    <div class="promotion">
                   
		            <p><a href="https://www.sainsburys.co.uk/shop/PromotionDisplayView?catalogId=10123&langId=44&productId=122140&storeId=10151&promotionId=10309434"><!-- BEGIN include/PromotionStrapline.jspf -->Only Â£2.25: Save 75p<br/>

<!-- FINISH include/PromotionStrapline.jspf -->
		            </a></p>
		                        
    </div>
   
                            </div>
                             
                        </div>
                        
                        
                        
                    
                    <div class="errorBanner hidden" id="error122141"></div>                                 
                    
                    <div class="addToTrolleytabBox">
                        <!-- Start UserSubscribedOrNot.jspf --><!-- Start UserSubscribedOrNot.jsp --><!-- 
			If the user is not logged in, render this opening 
			DIV adding an addtional class to fix the border top which is removed 
			and replaced by the tabs
		-->
		<div class="addToTrolleytabContainer addItemBorderTop">
	<!-- End AddToSubscriptionList.jsp --><!-- End AddSubscriptionList.jspf --><!-- 
                        ATTENTION!!!
                        <div class="addToTrolleytabContainer">
                        This opening div is inside "../../ReusableObjects/UserSubscribedOrNot.jsp"
                        -->
                        
                        <!--  <div class="pricingAndTrolleyFormWrapper"> -->
                    <div class="pricingAndTrolleyOptions">   
                        <div class="priceTab activeContainer priceTabContainer" id="addItem_122141"> 
                            <div class="pricing">
                                
	<p class="pricePerUnit">
    Â£2.25<abbr title="per">/</abbr><abbr title="unit"><span class="pricePerUnitUnit">unit</span></abbr>
</p>
 
    <p class="pricePerMeasure">Â£7.50<abbr 
            title="per">/</abbr><abbr 
            title="kilogram"><span class="pricePerMeasureMeasure">kg</span></abbr>
    </p>

                            </div>                        
                            
                                        <div class="addToTrolleyForm ">                                       
                                            
                                            <!-- BEGIN AddToTrolley.jsp --><!-- fire an on add to bag here from  -->
		
		<form class="addToTrolleyForm" name="OrderItemAddForm_122141" action="OrderItemAdd" method="post" id="OrderItemAddForm_122141" class="addToTrolleyForm">
		    <input type="hidden" name="storeId" value="10151"/>
		    <input type="hidden" name="langId" value="44"/>
		    <input type="hidden" name="catalogId" value="10123"/>
		    
		    
		    <input type="hidden" name="errorViewName" value="CategoryDisplayView"/>
		    <input type="hidden" name="SKU_ID" value="7511198"/>
		    <input type="hidden" name="itemType" value=""/>
		    
		    
	           <input type="hidden" name="ItemSKU_ID" value="7511198"/>
	        
		        <label class="access" for="quantity_122140">Quantity</label>
		        
					<input name="quantity"  id="quantity_122140" type="text" size="3" value="1" class="quantity"   />
				
                    <input type="hidden" name="catEntryId" value="122141"/>
                

		        <input type="hidden" name="productId" value="122140"/>
		        
		
		    <input type="hidden" name="URL" value="https://www.sainsburys.co.uk/webapp/wcs/stores/servlet/CategoryDisplay?langId=44&amp;storeId=10151&amp;krypto=D32KOcKfYA4Hvwso0i753dr1iIhAu0csku86SmELgEaQR9P8v2A2%2BPZCDQQrPknP4Jh5LpA5Os8C3TablW9eBLENLKFCZpf1CNYh6SDvSCqy9lZtSpAyelxddGfuzkoi8%2BSG2DgbdPE7xxt%2FzuYP88giPluAtHbXE1k%2Fds2ZCyc%3D&amp;ddkey=https%3Agb%2Fgroceries%2Ffruit-veg%2Fberries-cherries-currants"/>
		    <input type="hidden" name="page" value=""/>
		    <input type="hidden" name="contractId" value=""/>
		    <input type="hidden" name="calculateOrder" value="1"/>
		    <input type="hidden" name="calculationUsage" value="-1,-2,-3"/>
		    <input type="hidden" name="updateable" value="1"/>
		    <input type="hidden" name="merge" value="***"/>
		     
		   	<input type="hidden" name="callAjax" value="false"/>
		   	
		    
		        <input class="button process"  type="submit" name="Add" value="Add" />
			


		</form>
	<!-- END AddToTrolley.jsp -->
        <div class="numberInTrolley hidden numberInTrolley_122140" id="numberInTrolley_122140">
            
        </div>
    
                                        </div>
                                        
                        </div>
                        <!-- Start AddToSubscriptionList.jspf --><!-- Start AddToSubscriptionList.jsp --><!-- End AddToSubscriptionList.jsp --><!-- End AddToSubscriptionList.jspf -->
                    </div>
                                
                        <!-- </div> -->
                </div>     
            </div>

            
            <div class="strapline">
                <a href="https://www.sainsburys.co.uk/shop/PromotionDisplayView?catalogId=10123&langId=44&productId=122140&storeId=10151&promotionId=10309434"><img src="/wcsstore7.28.113/SainsburysStorefrontAssetStore/wcassets/icons/special/img-special-offer.png" alt="Special Offer" />
                </a>
            </div>
          <!--ThumbnailRestriction -->
                        
               <div id="additionalItems_122141" class="additionalItems">
                    <!-- BEGIN MerchandisingAssociationsDisplay.jsp --><!-- Start - JSP File Name:  MerchandisingAssociationsDisplay.jsp --><!-- BEGIN CatalogEntryThumbnailMerchandisingAssociation.jspf -->                    
                    <div id="sitecatalyst_SELL_TYPE_116244" class="siteCatalystTag">X-SELL</div>
                    <div class="crossSell">
                        <div class="crossSellTitle">
                            <!-- BEGIN ContentDisplay.jsp -->
	                <img
	                    src='/wcsstore7.28.113/SainsburysStorefrontAssetStore/wcassets/merchandising_associations/try_with_grid_202x32.gif'
	                    alt='wcassets/merchandising_associations/try_with_grid_202x32.gif'
	                    border="0"
	                />
	                <!-- end: ContentDisplay.jsp -->
                        </div>
                        <div class="errorBanner hidden" id="error122140116245"></div>
                        <div class="crossSellContent">
	                        <div class="pricingAndTrolleyFormWrapper"> 
		                         <div class="pricingReviews">
		                            <div class="pricing">
		                                
	<p class="pricePerUnit">
    Â£1.10<abbr title="per">/</abbr><abbr title="unit"><span class="pricePerUnitUnit">unit</span></abbr>
</p>
 
    <p class="pricePerMeasure">Â£0.37<abbr 
            title="per">/</abbr>100<abbr 
            title="millilitre"><span class="pricePerMeasureMeasure">ml</span></abbr>
    </p>

		                            </div>
		                        </div>
		                        <div class="addToTrolleyForm ">
		                           
		                            <!-- BEGIN AddToTrolley.jsp --><!-- fire an on add to bag here from  -->
		
		<form class="addToTrolleyForm" name="OrderItemAddForm_116245_122140" action="OrderItemAdd" method="post" id="OrderItemAddForm_122140_116245" class="addToTrolleyForm">
		    <input type="hidden" name="storeId" value="10151"/>
		    <input type="hidden" name="langId" value="44"/>
		    <input type="hidden" name="catalogId" value="10123"/>
		    
		    
		    <input type="hidden" name="errorViewName" value="CategoryDisplayView"/>
		    <input type="hidden" name="SKU_ID" value="6615223"/>
		    <input type="hidden" name="itemType" value="X-SELL"/>
		    
		    
	           <input type="hidden" name="ItemSKU_ID" value="6615223"/>
	        
		        <label class="access" for="quantity_116244">Quantity</label>
		        
					<input name="quantity"  id="quantity_116244" type="text" size="3" value="1" class="quantity"   />
				
                    <input type="hidden" name="catEntryId" value="116245"/>
                

		        <input type="hidden" name="productId" value="116244"/>
		        
		
		    <input type="hidden" name="URL" value="https://www.sainsburys.co.uk/webapp/wcs/stores/servlet/CategoryDisplay?langId=44&amp;storeId=10151&amp;krypto=D32KOcKfYA4Hvwso0i753dr1iIhAu0csku86SmELgEaQR9P8v2A2%2BPZCDQQrPknP4Jh5LpA5Os8C3TablW9eBLENLKFCZpf1CNYh6SDvSCqy9lZtSpAyelxddGfuzkoi8%2BSG2DgbdPE7xxt%2FzuYP88giPluAtHbXE1k%2Fds2ZCyc%3D&amp;ddkey=https%3Agb%2Fgroceries%2Ffruit-veg%2Fberries-cherries-currants"/>
		    <input type="hidden" name="page" value=""/>
		    <input type="hidden" name="contractId" value=""/>
		    <input type="hidden" name="calculateOrder" value="1"/>
		    <input type="hidden" name="calculationUsage" value="-1,-2,-3"/>
		    <input type="hidden" name="updateable" value="1"/>
		    <input type="hidden" name="merge" value="***"/>
		     
		   	<input type="hidden" name="callAjax" value="false"/>
		   	
		    
		        <input class="button process"  type="submit" name="Add" value="Add" />
			


		</form>
	<!-- END AddToTrolley.jsp -->
        <div class="numberInTrolley hidden numberInTrolley_116244" id="numberInTrolley_116244">
            
        </div>
    
		                        </div>
		                    </div>                
	                        <div class="crossSellInfo">
	                            <h4 class="crossSellName">
                                    <span class="access">Try this product with </span>
	                                <a href="https://www.sainsburys.co.uk/shop/gb/groceries/sainsburys-whipping-cream-300ml">
	                                    Sainsbury's British Whipping Fresh Cream 330ml
	                                    <img src="/wcsstore7.28.113/ExtendedSitesCatalogAssetStore/images/catalog/productImages/16/0000001510416/0000001510416_S.jpeg" alt="" />
	                                </a>
	                            </h4>
	                            
	                        </div>
	                    </div>
	                    <!--ThumbnailRestriction -->
                    </div>                
            
                <!-- END CatalogEntryThumbnailMerchandisingAssociation.jspf --><!-- END MerchandisingAssociationsDisplay.jsp --> 
                </div>
        <!-- END CatalogEntryThumbnailDisplay.jsp -->
	                            </li>
                                <!-- BEGIN MerchandisingAssociationsDisplay.jsp --><!-- Start - JSP File Name:  MerchandisingAssociationsDisplay.jsp --><!-- END MerchandisingAssociationsDisplay.jsp -->
                                
	                            <li class="gridItem">
		                                   <!-- BEGIN CatalogEntryThumbnailDisplay.jsp -->
            <div class="product "
                >
                
                     
                <div class="productInfo">
                    <div class="productNameAndPromotions">
                        
                                  <h3>
                                    <a href="https://www.sainsburys.co.uk/shop/gb/groceries/berries-cherries-currants/sainsburys-blueberries-100g" >
                                        Sainsbury's Blueberries 100g
                                        <img src="//www.sainsburys.co.uk/wcsstore7.28.113/ExtendedSitesCatalogAssetStore/images/catalog/productImages/07/0000000206907/0000000206907_L.jpeg" alt="" />
                                    </a>
                                </h3>
                              
                    </div> 
                </div>
                
                <div class="errorBanner hidden" id="error890517"></div>
                <div class="addToTrolleytabBox">   
                    <!--addToTrolleytabBox GRID VIEW --><!-- Start UserSubscribedOrNot.jspf --><!-- Start UserSubscribedOrNot.jsp --><!-- 
			If the user is not logged in, render this opening 
			DIV adding an addtional class to fix the border top which is removed 
			and replaced by the tabs
		-->
		<div class="addToTrolleytabContainer addItemBorderTop">
	<!-- End AddToSubscriptionList.jsp --><!-- End AddSubscriptionList.jspf --><!-- 
                    ATTENTION!!!
                    <div class="addToTrolleytabContainer">
                    This opening div is inside "../../ReusableObjects/UserSubscribedOrNot.jsp"
                    -->
                    <div class="pricingAndTrolleyOptions">
                        
                                    <div class="priceTab priceTabContainer activeContainer addItem" id="addItem_890517">
                                       <div class="pricing">
                                           
	<p class="pricePerUnit">
    Â£1.00<abbr title="per">/</abbr><abbr title="unit"><span class="pricePerUnitUnit">unit</span></abbr>
</p>
 
    <p class="pricePerMeasure">Â£10.00<abbr 
            title="per">/</abbr><abbr 
            title="kilogram"><span class="pricePerMeasureMeasure">kg</span></abbr>
    </p>

                                       </div>                                      

                                     
                                        <div class="addToTrolleyForm "> 
                                           <!-- BEGIN AddToTrolley.jsp --><!-- fire an on add to bag here from  -->
		
		<form class="addToTrolleyForm" name="OrderItemAddForm_890517" action="OrderItemAdd" method="post" id="OrderItemAddForm_890517" class="addToTrolleyForm">
		    <input type="hidden" name="storeId" value="10151"/>
		    <input type="hidden" name="langId" value="44"/>
		    <input type="hidden" name="catalogId" value="10123"/>
		    
		    
		    <input type="hidden" name="errorViewName" value="CategoryDisplayView"/>
		    <input type="hidden" name="SKU_ID" value="7751665"/>
		    <input type="hidden" name="itemType" value=""/>
		    
		    
	           <input type="hidden" name="ItemSKU_ID" value="7751665"/>
	        
		        <label class="access" for="quantity_890516">Quantity</label>
		        
					<input name="quantity"  id="quantity_890516" type="text" size="3" value="1" class="quantity"   />
				
                    <input type="hidden" name="catEntryId" value="890517"/>
                

		        <input type="hidden" name="productId" value="890516"/>
		        
		
		    <input type="hidden" name="URL" value="https://www.sainsburys.co.uk/webapp/wcs/stores/servlet/CategoryDisplay?langId=44&amp;storeId=10151&amp;krypto=D32KOcKfYA4Hvwso0i753dr1iIhAu0csku86SmELgEaQR9P8v2A2%2BPZCDQQrPknP4Jh5LpA5Os8C3TablW9eBLENLKFCZpf1CNYh6SDvSCqy9lZtSpAyelxddGfuzkoi8%2BSG2DgbdPE7xxt%2FzuYP88giPluAtHbXE1k%2Fds2ZCyc%3D&amp;ddkey=https%3Agb%2Fgroceries%2Ffruit-veg%2Fberries-cherries-currants"/>
		    <input type="hidden" name="page" value=""/>
		    <input type="hidden" name="contractId" value=""/>
		    <input type="hidden" name="calculateOrder" value="1"/>
		    <input type="hidden" name="calculationUsage" value="-1,-2,-3"/>
		    <input type="hidden" name="updateable" value="1"/>
		    <input type="hidden" name="merge" value="***"/>
		     
		   	<input type="hidden" name="callAjax" value="false"/>
		   	
		    
		        <input class="button process"  type="submit" name="Add" value="Add" />
			


		</form>
	<!-- END AddToTrolley.jsp -->
        <div class="numberInTrolley hidden numberInTrolley_890516" id="numberInTrolley_890516">
            
        </div>
    
                                        </div>

                                        <!-- BEGIN CatalogEntryRatingsReviewsInfo.jspf --><!-- productAllowedRatingsAndReviews: true -->
    <div class="reviews">
        
	        <a class="numberOfReviews repressive" href="http://reviews.sainsburys.co.uk//8076-en_gb/7751665-P/writereview.htm?submissionurl=https%3A%2F%2Fwww.sainsburys.co.uk%2Fwebapp%2Fwcs%2Fstores%2Fservlet%2FBVReviewSubmitDisplay%3FcatalogId%3D10123%26storeId%3D10151%26recipe%3D%26langId%3D44%26productId%3D7751665-P&return=https%3A%2F%2Fwww.sainsburys.co.uk%2Fwebapp%2Fwcs%2Fstores%2Fservlet%2Fhttp%3A%2F%2Fwww.sainsburys.co.uk%2Fshop%2FCategoryDisplay%3FpageSize%3D36%26catalogId%3D10123%26level%3D2%26top_category%3D12518%26parent_category_rn%3D12518%26langId%3D44%26categoryId%3D12563%26beginIndex%3D0%26storeId%3D10151" >
	    Write a review
          	</a>
        
    </div>
<!-- END CatalogEntryRatingsReviewsInfo.jspf -->
                                   </div>
                               <!-- Start AddToSubscriptionList.jspf --><!-- Start AddToSubscriptionList.jsp --><!-- End AddToSubscriptionList.jsp --><!-- End AddToSubscriptionList.jspf -->     
                    </div>
                            
                    
    
    <div class="badges">
        <ul>
            
                    
                    
                    
                     <li  class="lastchild" >

                        
                            <a href="/shop/gb/groceries/get-ideas/delivery-and-guides/freshness" >
                                         
                        <img src="/wcsstore7.28.113/SainsburysStorefrontAssetStore/wcassets/icons/typical_life/typical_life_2days.jpg" alt="Typical life 2 days" />
                            
                        
                            </a>    
                        
                    </li>
                
        </ul>   
    </div>

                </div>     
            </div>
            <!--ThumbnailRestriction --><!-- END CatalogEntryThumbnailDisplay.jsp -->
	                            </li>
                                <!-- BEGIN MerchandisingAssociationsDisplay.jsp --><!-- Start - JSP File Name:  MerchandisingAssociationsDisplay.jsp -->
    <div class="coverage ranged"></div>
<!-- END MerchandisingAssociationsDisplay.jsp -->
                                
	                            <li class="gridItem">
		                                   <!-- BEGIN CatalogEntryThumbnailDisplay.jsp -->
                    <div id="hasCrossSell_122081"class="product hasCrossSell "
                    >
                    
                        <div class="productInfo">
                            <div class="productNameAndPromotions">
                                
                                        <h3>
                                            <a href="https://www.sainsburys.co.uk/shop/gb/groceries/berries-cherries-currants/sainsburys-strawberries--so-organic-300g" >
                                                Sainsbury's Strawberries, SO Organic 300g
                                                <img src="//www.sainsburys.co.uk/wcsstore7.28.113/ExtendedSitesCatalogAssetStore/images/catalog/productImages/73/0000001800173/0000001800173_L.jpeg" alt="" />
                                            </a>
                                        </h3>
                                       
                            </div>
                             
                        </div>
                        
                        
                        
                    
                    <div class="errorBanner hidden" id="error122081"></div>                                 
                    
                    <div class="addToTrolleytabBox">
                        <!-- Start UserSubscribedOrNot.jspf --><!-- Start UserSubscribedOrNot.jsp --><!-- 
			If the user is not logged in, render this opening 
			DIV adding an addtional class to fix the border top which is removed 
			and replaced by the tabs
		-->
		<div class="addToTrolleytabContainer addItemBorderTop">
	<!-- End AddToSubscriptionList.jsp --><!-- End AddSubscriptionList.jspf --><!-- 
                        ATTENTION!!!
                        <div class="addToTrolleytabContainer">
                        This opening div is inside "../../ReusableObjects/UserSubscribedOrNot.jsp"
                        -->
                        
                        <!--  <div class="pricingAndTrolleyFormWrapper"> -->
                    <div class="pricingAndTrolleyOptions">   
                        <div class="priceTab activeContainer priceTabContainer" id="addItem_122081"> 
                            <div class="pricing">
                                
	<p class="pricePerUnit">
    Â£2.50<abbr title="per">/</abbr><abbr title="unit"><span class="pricePerUnitUnit">unit</span></abbr>
</p>
 
    <p class="pricePerMeasure">Â£8.33<abbr 
            title="per">/</abbr><abbr 
            title="kilogram"><span class="pricePerMeasureMeasure">kg</span></abbr>
    </p>

                            </div>                        
                            
                                        <div class="addToTrolleyForm ">                                       
                                            
                                            <!-- BEGIN AddToTrolley.jsp --><!-- fire an on add to bag here from  -->
		
		<form class="addToTrolleyForm" name="OrderItemAddForm_122081" action="OrderItemAdd" method="post" id="OrderItemAddForm_122081" class="addToTrolleyForm">
		    <input type="hidden" name="storeId" value="10151"/>
		    <input type="hidden" name="langId" value="44"/>
		    <input type="hidden" name="catalogId" value="10123"/>
		    
		    
		    <input type="hidden" name="errorViewName" value="CategoryDisplayView"/>
		    <input type="hidden" name="SKU_ID" value="7510630"/>
		    <input type="hidden" name="itemType" value=""/>
		    
		    
	           <input type="hidden" name="ItemSKU_ID" value="7510630"/>
	        
		        <label class="access" for="quantity_122080">Quantity</label>
		        
					<input name="quantity"  id="quantity_122080" type="text" size="3" value="1" class="quantity"   />
				
                    <input type="hidden" name="catEntryId" value="122081"/>
                

		        <input type="hidden" name="productId" value="122080"/>
		        
		
		    <input type="hidden" name="URL" value="https://www.sainsburys.co.uk/webapp/wcs/stores/servlet/CategoryDisplay?langId=44&amp;storeId=10151&amp;krypto=D32KOcKfYA4Hvwso0i753dr1iIhAu0csku86SmELgEaQR9P8v2A2%2BPZCDQQrPknP4Jh5LpA5Os8C3TablW9eBLENLKFCZpf1CNYh6SDvSCqy9lZtSpAyelxddGfuzkoi8%2BSG2DgbdPE7xxt%2FzuYP88giPluAtHbXE1k%2Fds2ZCyc%3D&amp;ddkey=https%3Agb%2Fgroceries%2Ffruit-veg%2Fberries-cherries-currants"/>
		    <input type="hidden" name="page" value=""/>
		    <input type="hidden" name="contractId" value=""/>
		    <input type="hidden" name="calculateOrder" value="1"/>
		    <input type="hidden" name="calculationUsage" value="-1,-2,-3"/>
		    <input type="hidden" name="updateable" value="1"/>
		    <input type="hidden" name="merge" value="***"/>
		     
		   	<input type="hidden" name="callAjax" value="false"/>
		   	
		    
		        <input class="button process"  type="submit" name="Add" value="Add" />
			


		</form>
	<!-- END AddToTrolley.jsp -->
        <div class="numberInTrolley hidden numberInTrolley_122080" id="numberInTrolley_122080">
            
        </div>
    
                                        </div>
                                        
                        </div>
                        <!-- Start AddToSubscriptionList.jspf --><!-- Start AddToSubscriptionList.jsp --><!-- End AddToSubscriptionList.jsp --><!-- End AddToSubscriptionList.jspf -->
                    </div>
                                
                        <!-- </div> -->
                </div>     
            </div>

            <!--ThumbnailRestriction -->
                        
               <div id="additionalItems_122081" class="additionalItems">
                    <!-- BEGIN MerchandisingAssociationsDisplay.jsp --><!-- Start - JSP File Name:  MerchandisingAssociationsDisplay.jsp --><!-- BEGIN CatalogEntryThumbnailMerchandisingAssociation.jspf -->                    
                    <div id="sitecatalyst_SELL_TYPE_116236" class="siteCatalystTag">X-SELL</div>
                    <div class="crossSell">
                        <div class="crossSellTitle">
                            <!-- BEGIN ContentDisplay.jsp -->
	                <img
	                    src='/wcsstore7.28.113/SainsburysStorefrontAssetStore/wcassets/merchandising_associations/try_with_grid_202x32.gif'
	                    alt='wcassets/merchandising_associations/try_with_grid_202x32.gif'
	                    border="0"
	                />
	                <!-- end: ContentDisplay.jsp -->
                        </div>
                        <div class="errorBanner hidden" id="error122080116237"></div>
                        <div class="crossSellContent">
	                        <div class="pricingAndTrolleyFormWrapper"> 
		                         <div class="pricingReviews">
		                            <div class="pricing">
		                                
	<p class="pricePerUnit">
    Â£1.25<abbr title="per">/</abbr><abbr title="unit"><span class="pricePerUnitUnit">unit</span></abbr>
</p>
 
    <p class="pricePerMeasure">Â£0.42<abbr 
            title="per">/</abbr>100<abbr 
            title="millilitre"><span class="pricePerMeasureMeasure">ml</span></abbr>
    </p>

		                            </div>
		                        </div>
		                        <div class="addToTrolleyForm ">
		                           
		                            <!-- BEGIN AddToTrolley.jsp --><!-- fire an on add to bag here from  -->
		
		<form class="addToTrolleyForm" name="OrderItemAddForm_116237_122080" action="OrderItemAdd" method="post" id="OrderItemAddForm_122080_116237" class="addToTrolleyForm">
		    <input type="hidden" name="storeId" value="10151"/>
		    <input type="hidden" name="langId" value="44"/>
		    <input type="hidden" name="catalogId" value="10123"/>
		    
		    
		    <input type="hidden" name="errorViewName" value="CategoryDisplayView"/>
		    <input type="hidden" name="SKU_ID" value="6615203"/>
		    <input type="hidden" name="itemType" value="X-SELL"/>
		    
		    
	           <input type="hidden" name="ItemSKU_ID" value="6615203"/>
	        
		        <label class="access" for="quantity_116236">Quantity</label>
		        
					<input name="quantity"  id="quantity_116236" type="text" size="3" value="1" class="quantity"   />
				
                    <input type="hidden" name="catEntryId" value="116237"/>
                

		        <input type="hidden" name="productId" value="116236"/>
		        
		
		    <input type="hidden" name="URL" value="https://www.sainsburys.co.uk/webapp/wcs/stores/servlet/CategoryDisplay?langId=44&amp;storeId=10151&amp;krypto=D32KOcKfYA4Hvwso0i753dr1iIhAu0csku86SmELgEaQR9P8v2A2%2BPZCDQQrPknP4Jh5LpA5Os8C3TablW9eBLENLKFCZpf1CNYh6SDvSCqy9lZtSpAyelxddGfuzkoi8%2BSG2DgbdPE7xxt%2FzuYP88giPluAtHbXE1k%2Fds2ZCyc%3D&amp;ddkey=https%3Agb%2Fgroceries%2Ffruit-veg%2Fberries-cherries-currants"/>
		    <input type="hidden" name="page" value=""/>
		    <input type="hidden" name="contractId" value=""/>
		    <input type="hidden" name="calculateOrder" value="1"/>
		    <input type="hidden" name="calculationUsage" value="-1,-2,-3"/>
		    <input type="hidden" name="updateable" value="1"/>
		    <input type="hidden" name="merge" value="***"/>
		     
		   	<input type="hidden" name="callAjax" value="false"/>
		   	
		    
		        <input class="button process"  type="submit" name="Add" value="Add" />
			


		</form>
	<!-- END AddToTrolley.jsp -->
        <div class="numberInTrolley hidden numberInTrolley_116236" id="numberInTrolley_116236">
            
        </div>
    
		                        </div>
		                    </div>                
	                        <div class="crossSellInfo">
	                            <h4 class="crossSellName">
                                    <span class="access">Try this product with </span>
	                                <a href="https://www.sainsburys.co.uk/shop/gb/groceries/sainsburys-extra-thick-double-cream-300ml">
	                                    Sainsbury's British Extra Thick Double Fresh Cream 300ml
	                                    <img src="/wcsstore7.28.113/ExtendedSitesCatalogAssetStore/images/catalog/productImages/55/0000001510355/0000001510355_S.jpeg" alt="" />
	                                </a>
	                            </h4>
	                            
	                        </div>
	                    </div>
	                    <!--ThumbnailRestriction -->
                    </div>                
            
                <!-- END CatalogEntryThumbnailMerchandisingAssociation.jspf --><!-- END MerchandisingAssociationsDisplay.jsp --> 
                </div>
        <!-- END CatalogEntryThumbnailDisplay.jsp -->
	                            </li>
                                <!-- BEGIN MerchandisingAssociationsDisplay.jsp --><!-- Start - JSP File Name:  MerchandisingAssociationsDisplay.jsp --><!-- END MerchandisingAssociationsDisplay.jsp -->
                                
	                            <li class="gridItem">
		                                   <!-- BEGIN CatalogEntryThumbnailDisplay.jsp -->
            <div class="product "
                >
                
                     
                <div class="productInfo">
                    <div class="productNameAndPromotions">
                        
                                  <h3>
                                    <a href="https://www.sainsburys.co.uk/shop/gb/groceries/berries-cherries-currants/sainsburys-raspberries--so-organic-125g" >
                                        Sainsbury's Raspberries, SO Organic 125g
                                        <img src="//www.sainsburys.co.uk/wcsstore7.28.113/ExtendedSitesCatalogAssetStore/images/catalog/productImages/04/0000001835304/0000001835304_L.jpeg" alt="" />
                                    </a>
                                </h3>
                              
                    </div> 
                </div>
                
                <div class="errorBanner hidden" id="error124109"></div>
                <div class="addToTrolleytabBox">   
                    <!--addToTrolleytabBox GRID VIEW --><!-- Start UserSubscribedOrNot.jspf --><!-- Start UserSubscribedOrNot.jsp --><!-- 
			If the user is not logged in, render this opening 
			DIV adding an addtional class to fix the border top which is removed 
			and replaced by the tabs
		-->
		<div class="addToTrolleytabContainer addItemBorderTop">
	<!-- End AddToSubscriptionList.jsp --><!-- End AddSubscriptionList.jspf --><!-- 
                    ATTENTION!!!
                    <div class="addToTrolleytabContainer">
                    This opening div is inside "../../ReusableObjects/UserSubscribedOrNot.jsp"
                    -->
                    <div class="pricingAndTrolleyOptions">
                        
                                    <div class="priceTab priceTabContainer activeContainer addItem" id="addItem_124109">
                                       <div class="pricing">
                                           
	<p class="pricePerUnit">
    Â£2.50<abbr title="per">/</abbr><abbr title="unit"><span class="pricePerUnitUnit">unit</span></abbr>
</p>
 
    <p class="pricePerMeasure">Â£20.00<abbr 
            title="per">/</abbr><abbr 
            title="kilogram"><span class="pricePerMeasureMeasure">kg</span></abbr>
    </p>

                                       </div>                                      

                                     
                                        <div class="addToTrolleyForm "> 
                                           <!-- BEGIN AddToTrolley.jsp --><!-- fire an on add to bag here from  -->
		
		<form class="addToTrolleyForm" name="OrderItemAddForm_124109" action="OrderItemAdd" method="post" id="OrderItemAddForm_124109" class="addToTrolleyForm">
		    <input type="hidden" name="storeId" value="10151"/>
		    <input type="hidden" name="langId" value="44"/>
		    <input type="hidden" name="catalogId" value="10123"/>
		    
		    
		    <input type="hidden" name="errorViewName" value="CategoryDisplayView"/>
		    <input type="hidden" name="SKU_ID" value="7555541"/>
		    <input type="hidden" name="itemType" value=""/>
		    
		    
	           <input type="hidden" name="ItemSKU_ID" value="7555541"/>
	        
		        <label class="access" for="quantity_124108">Quantity</label>
		        
					<input name="quantity"  id="quantity_124108" type="text" size="3" value="1" class="quantity"   />
				
                    <input type="hidden" name="catEntryId" value="124109"/>
                

		        <input type="hidden" name="productId" value="124108"/>
		        
		
		    <input type="hidden" name="URL" value="https://www.sainsburys.co.uk/webapp/wcs/stores/servlet/CategoryDisplay?langId=44&amp;storeId=10151&amp;krypto=D32KOcKfYA4Hvwso0i753dr1iIhAu0csku86SmELgEaQR9P8v2A2%2BPZCDQQrPknP4Jh5LpA5Os8C3TablW9eBLENLKFCZpf1CNYh6SDvSCqy9lZtSpAyelxddGfuzkoi8%2BSG2DgbdPE7xxt%2FzuYP88giPluAtHbXE1k%2Fds2ZCyc%3D&amp;ddkey=https%3Agb%2Fgroceries%2Ffruit-veg%2Fberries-cherries-currants"/>
		    <input type="hidden" name="page" value=""/>
		    <input type="hidden" name="contractId" value=""/>
		    <input type="hidden" name="calculateOrder" value="1"/>
		    <input type="hidden" name="calculationUsage" value="-1,-2,-3"/>
		    <input type="hidden" name="updateable" value="1"/>
		    <input type="hidden" name="merge" value="***"/>
		     
		   	<input type="hidden" name="callAjax" value="false"/>
		   	
		    
		        <input class="button process"  type="submit" name="Add" value="Add" />
			


		</form>
	<!-- END AddToTrolley.jsp -->
        <div class="numberInTrolley hidden numberInTrolley_124108" id="numberInTrolley_124108">
            
        </div>
    
                                        </div>

                                        <!-- BEGIN CatalogEntryRatingsReviewsInfo.jspf --><!-- productAllowedRatingsAndReviews: true -->
    <div class="reviews">
        
	        <a class="numberOfReviews repressive" href="http://reviews.sainsburys.co.uk//8076-en_gb/7555541-P/writereview.htm?submissionurl=https%3A%2F%2Fwww.sainsburys.co.uk%2Fwebapp%2Fwcs%2Fstores%2Fservlet%2FBVReviewSubmitDisplay%3FcatalogId%3D10123%26storeId%3D10151%26recipe%3D%26langId%3D44%26productId%3D7555541-P&return=https%3A%2F%2Fwww.sainsburys.co.uk%2Fwebapp%2Fwcs%2Fstores%2Fservlet%2Fhttp%3A%2F%2Fwww.sainsburys.co.uk%2Fshop%2FCategoryDisplay%3FpageSize%3D36%26catalogId%3D10123%26level%3D2%26top_category%3D12518%26parent_category_rn%3D12518%26langId%3D44%26categoryId%3D12563%26beginIndex%3D0%26storeId%3D10151" >
	    Write a review
          	</a>
        
    </div>
<!-- END CatalogEntryRatingsReviewsInfo.jspf -->
                                   </div>
                               <!-- Start AddToSubscriptionList.jspf --><!-- Start AddToSubscriptionList.jsp --><!-- End AddToSubscriptionList.jsp --><!-- End AddToSubscriptionList.jspf -->     
                    </div>
                            
                    
    
    <div class="badges">
        <ul>
            
                    
                    
                    
                     <li  class="lastchild" >

                        
                            <a href="/shop/gb/groceries/get-ideas/delivery-and-guides/freshness" >
                                         
                        <img src="/wcsstore7.28.113/SainsburysStorefrontAssetStore/wcassets/icons/typical_life/typical_life_2days.jpg" alt="Typical life 2 days" />
                            
                        
                            </a>    
                        
                    </li>
                
        </ul>   
    </div>

                </div>     
            </div>
            <!--ThumbnailRestriction --><!-- END CatalogEntryThumbnailDisplay.jsp -->
	                            </li>
                                <!-- BEGIN MerchandisingAssociationsDisplay.jsp --><!-- Start - JSP File Name:  MerchandisingAssociationsDisplay.jsp --><!-- END MerchandisingAssociationsDisplay.jsp -->
                                
	                            <li class="gridItem">
		                                   <!-- BEGIN CatalogEntryThumbnailDisplay.jsp -->
            <div class="product "
                >
                
                     
                <div class="productInfo">
                    <div class="productNameAndPromotions">
                        
                                  <h3>
                                    <a href="https://www.sainsburys.co.uk/shop/gb/groceries/berries-cherries-currants/sainsburys-mixed-berries-300g" >
                                        Sainsbury's Mixed Berries 300g
                                        <img src="//www.sainsburys.co.uk/wcsstore7.28.113/ExtendedSitesCatalogAssetStore/images/catalog/productImages/98/0000001835298/0000001835298_L.jpeg" alt="" />
                                    </a>
                                </h3>
                              
                    </div> 
                </div>
                
                <div class="errorBanner hidden" id="error124103"></div>
                <div class="addToTrolleytabBox">   
                    <!--addToTrolleytabBox GRID VIEW --><!-- Start UserSubscribedOrNot.jspf --><!-- Start UserSubscribedOrNot.jsp --><!-- 
			If the user is not logged in, render this opening 
			DIV adding an addtional class to fix the border top which is removed 
			and replaced by the tabs
		-->
		<div class="addToTrolleytabContainer addItemBorderTop">
	<!-- End AddToSubscriptionList.jsp --><!-- End AddSubscriptionList.jspf --><!-- 
                    ATTENTION!!!
                    <div class="addToTrolleytabContainer">
                    This opening div is inside "../../ReusableObjects/UserSubscribedOrNot.jsp"
                    -->
                    <div class="pricingAndTrolleyOptions">
                        
                                    <div class="priceTab priceTabContainer activeContainer addItem" id="addItem_124103">
                                       <div class="pricing">
                                           
	<p class="pricePerUnit">
    Â£3.50<abbr title="per">/</abbr><abbr title="unit"><span class="pricePerUnitUnit">unit</span></abbr>
</p>
 
    <p class="pricePerMeasure">Â£11.67<abbr 
            title="per">/</abbr><abbr 
            title="kilogram"><span class="pricePerMeasureMeasure">kg</span></abbr>
    </p>

                                       </div>                                      

                                     
                                        <div class="addToTrolleyForm "> 
                                           <!-- BEGIN AddToTrolley.jsp --><!-- fire an on add to bag here from  -->
		
		<form class="addToTrolleyForm" name="OrderItemAddForm_124103" action="OrderItemAdd" method="post" id="OrderItemAddForm_124103" class="addToTrolleyForm">
		    <input type="hidden" name="storeId" value="10151"/>
		    <input type="hidden" name="langId" value="44"/>
		    <input type="hidden" name="catalogId" value="10123"/>
		    
		    
		    <input type="hidden" name="errorViewName" value="CategoryDisplayView"/>
		    <input type="hidden" name="SKU_ID" value="7555515"/>
		    <input type="hidden" name="itemType" value=""/>
		    
		    
	           <input type="hidden" name="ItemSKU_ID" value="7555515"/>
	        
		        <label class="access" for="quantity_124102">Quantity</label>
		        
					<input name="quantity"  id="quantity_124102" type="text" size="3" value="1" class="quantity"   />
				
                    <input type="hidden" name="catEntryId" value="124103"/>
                

		        <input type="hidden" name="productId" value="124102"/>
		        
		
		    <input type="hidden" name="URL" value="https://www.sainsburys.co.uk/webapp/wcs/stores/servlet/CategoryDisplay?langId=44&amp;storeId=10151&amp;krypto=D32KOcKfYA4Hvwso0i753dr1iIhAu0csku86SmELgEaQR9P8v2A2%2BPZCDQQrPknP4Jh5LpA5Os8C3TablW9eBLENLKFCZpf1CNYh6SDvSCqy9lZtSpAyelxddGfuzkoi8%2BSG2DgbdPE7xxt%2FzuYP88giPluAtHbXE1k%2Fds2ZCyc%3D&amp;ddkey=https%3Agb%2Fgroceries%2Ffruit-veg%2Fberries-cherries-currants"/>
		    <input type="hidden" name="page" value=""/>
		    <input type="hidden" name="contractId" value=""/>
		    <input type="hidden" name="calculateOrder" value="1"/>
		    <input type="hidden" name="calculationUsage" value="-1,-2,-3"/>
		    <input type="hidden" name="updateable" value="1"/>
		    <input type="hidden" name="merge" value="***"/>
		     
		   	<input type="hidden" name="callAjax" value="false"/>
		   	
		    
		        <input class="button process"  type="submit" name="Add" value="Add" />
			


		</form>
	<!-- END AddToTrolley.jsp -->
        <div class="numberInTrolley hidden numberInTrolley_124102" id="numberInTrolley_124102">
            
        </div>
    
                                        </div>

                                        <!-- BEGIN CatalogEntryRatingsReviewsInfo.jspf --><!-- productAllowedRatingsAndReviews: true -->
    <div class="reviews">
        
	        <a class="numberOfReviews repressive" href="http://reviews.sainsburys.co.uk//8076-en_gb/7555515-P/writereview.htm?submissionurl=https%3A%2F%2Fwww.sainsburys.co.uk%2Fwebapp%2Fwcs%2Fstores%2Fservlet%2FBVReviewSubmitDisplay%3FcatalogId%3D10123%26storeId%3D10151%26recipe%3D%26langId%3D44%26productId%3D7555515-P&return=https%3A%2F%2Fwww.sainsburys.co.uk%2Fwebapp%2Fwcs%2Fstores%2Fservlet%2Fhttp%3A%2F%2Fwww.sainsburys.co.uk%2Fshop%2FCategoryDisplay%3FpageSize%3D36%26catalogId%3D10123%26level%3D2%26top_category%3D12518%26parent_category_rn%3D12518%26langId%3D44%26categoryId%3D12563%26beginIndex%3D0%26storeId%3D10151" >
	    Write a review
          	</a>
        
    </div>
<!-- END CatalogEntryRatingsReviewsInfo.jspf -->
                                   </div>
                               <!-- Start AddToSubscriptionList.jspf --><!-- Start AddToSubscriptionList.jsp --><!-- End AddToSubscriptionList.jsp --><!-- End AddToSubscriptionList.jspf -->     
                    </div>
                            
                    
    
    <div class="badges">
        <ul>
            
                    
                    
                    
                     <li  class="lastchild" >

                        
                            <a href="/shop/gb/groceries/get-ideas/delivery-and-guides/freshness" >
                                         
                        <img src="/wcsstore7.28.113/SainsburysStorefrontAssetStore/wcassets/icons/typical_life/typical_life_2days.jpg" alt="Typical life 2 days" />
                            
                        
                            </a>    
                        
                    </li>
                
        </ul>   
    </div>

                </div>     
            </div>
            <!--ThumbnailRestriction --><!-- END CatalogEntryThumbnailDisplay.jsp -->
	                            </li>
                                <!-- BEGIN MerchandisingAssociationsDisplay.jsp --><!-- Start - JSP File Name:  MerchandisingAssociationsDisplay.jsp --><!-- END MerchandisingAssociationsDisplay.jsp -->
                                
	                            <li class="gridItem">
		                                   <!-- BEGIN CatalogEntryThumbnailDisplay.jsp -->
            <div class="product "
                >
                
                     
                <div class="productInfo">
                    <div class="productNameAndPromotions">
                        
                                  <h3>
                                    <a href="https://www.sainsburys.co.uk/shop/gb/groceries/berries-cherries-currants/sainsburys-mixed-berry-twin-pack-200g-7696255-p-44" >
                                        Sainsbury's Mixed Berry Twin Pack 200g
                                        <img src="//www.sainsburys.co.uk/wcsstore7.28.113/ExtendedSitesCatalogAssetStore/images/catalog/productImages/35/0000000164535/0000000164535_L.jpeg" alt="" />
                                    </a>
                                </h3>
                              
                    </div> 
                </div>
                
                <div class="errorBanner hidden" id="error643019"></div>
                <div class="addToTrolleytabBox">   
                    <!--addToTrolleytabBox GRID VIEW --><!-- Start UserSubscribedOrNot.jspf --><!-- Start UserSubscribedOrNot.jsp --><!-- 
			If the user is not logged in, render this opening 
			DIV adding an addtional class to fix the border top which is removed 
			and replaced by the tabs
		-->
		<div class="addToTrolleytabContainer addItemBorderTop">
	<!-- End AddToSubscriptionList.jsp --><!-- End AddSubscriptionList.jspf --><!-- 
                    ATTENTION!!!
                    <div class="addToTrolleytabContainer">
                    This opening div is inside "../../ReusableObjects/UserSubscribedOrNot.jsp"
                    -->
                    <div class="pricingAndTrolleyOptions">
                        
                                    <div class="priceTab priceTabContainer activeContainer addItem" id="addItem_643019">
                                       <div class="pricing">
                                           
	<p class="pricePerUnit">
    Â£3.00<abbr title="per">/</abbr><abbr title="unit"><span class="pricePerUnitUnit">unit</span></abbr>
</p>
 
    <p class="pricePerMeasure">Â£15.00<abbr 
            title="per">/</abbr><abbr 
            title="kilogram"><span class="pricePerMeasureMeasure">kg</span></abbr>
    </p>

                                       </div>                                      

                                     
                                        <div class="addToTrolleyForm "> 
                                           <!-- BEGIN AddToTrolley.jsp --><!-- fire an on add to bag here from  -->
		
		<form class="addToTrolleyForm" name="OrderItemAddForm_643019" action="OrderItemAdd" method="post" id="OrderItemAddForm_643019" class="addToTrolleyForm">
		    <input type="hidden" name="storeId" value="10151"/>
		    <input type="hidden" name="langId" value="44"/>
		    <input type="hidden" name="catalogId" value="10123"/>
		    
		    
		    <input type="hidden" name="errorViewName" value="CategoryDisplayView"/>
		    <input type="hidden" name="SKU_ID" value="7696255"/>
		    <input type="hidden" name="itemType" value=""/>
		    
		    
	           <input type="hidden" name="ItemSKU_ID" value="7696255"/>
	        
		        <label class="access" for="quantity_643018">Quantity</label>
		        
					<input name="quantity"  id="quantity_643018" type="text" size="3" value="1" class="quantity"   />
				
                    <input type="hidden" name="catEntryId" value="643019"/>
                

		        <input type="hidden" name="productId" value="643018"/>
		        
		
		    <input type="hidden" name="URL" value="https://www.sainsburys.co.uk/webapp/wcs/stores/servlet/CategoryDisplay?langId=44&amp;storeId=10151&amp;krypto=D32KOcKfYA4Hvwso0i753dr1iIhAu0csku86SmELgEaQR9P8v2A2%2BPZCDQQrPknP4Jh5LpA5Os8C3TablW9eBLENLKFCZpf1CNYh6SDvSCqy9lZtSpAyelxddGfuzkoi8%2BSG2DgbdPE7xxt%2FzuYP88giPluAtHbXE1k%2Fds2ZCyc%3D&amp;ddkey=https%3Agb%2Fgroceries%2Ffruit-veg%2Fberries-cherries-currants"/>
		    <input type="hidden" name="page" value=""/>
		    <input type="hidden" name="contractId" value=""/>
		    <input type="hidden" name="calculateOrder" value="1"/>
		    <input type="hidden" name="calculationUsage" value="-1,-2,-3"/>
		    <input type="hidden" name="updateable" value="1"/>
		    <input type="hidden" name="merge" value="***"/>
		     
		   	<input type="hidden" name="callAjax" value="false"/>
		   	
		    
		        <input class="button process"  type="submit" name="Add" value="Add" />
			


		</form>
	<!-- END AddToTrolley.jsp -->
        <div class="numberInTrolley hidden numberInTrolley_643018" id="numberInTrolley_643018">
            
        </div>
    
                                        </div>

                                        <!-- BEGIN CatalogEntryRatingsReviewsInfo.jspf --><!-- productAllowedRatingsAndReviews: true -->
    <div class="reviews">
        
	        <a class="numberOfReviews repressive" href="http://reviews.sainsburys.co.uk//8076-en_gb/7696255-P/writereview.htm?submissionurl=https%3A%2F%2Fwww.sainsburys.co.uk%2Fwebapp%2Fwcs%2Fstores%2Fservlet%2FBVReviewSubmitDisplay%3FcatalogId%3D10123%26storeId%3D10151%26recipe%3D%26langId%3D44%26productId%3D7696255-P&return=https%3A%2F%2Fwww.sainsburys.co.uk%2Fwebapp%2Fwcs%2Fstores%2Fservlet%2Fhttp%3A%2F%2Fwww.sainsburys.co.uk%2Fshop%2FCategoryDisplay%3FpageSize%3D36%26catalogId%3D10123%26level%3D2%26top_category%3D12518%26parent_category_rn%3D12518%26langId%3D44%26categoryId%3D12563%26beginIndex%3D0%26storeId%3D10151" >
	    Write a review
          	</a>
        
    </div>
<!-- END CatalogEntryRatingsReviewsInfo.jspf -->
                                   </div>
                               <!-- Start AddToSubscriptionList.jspf --><!-- Start AddToSubscriptionList.jsp --><!-- End AddToSubscriptionList.jsp --><!-- End AddToSubscriptionList.jspf -->     
                    </div>
                            
                    
                </div>     
            </div>
            <!--ThumbnailRestriction --><!-- END CatalogEntryThumbnailDisplay.jsp -->
	                            </li>
                                <!-- BEGIN MerchandisingAssociationsDisplay.jsp --><!-- Start - JSP File Name:  MerchandisingAssociationsDisplay.jsp --><!-- END MerchandisingAssociationsDisplay.jsp -->
                                
	                            <li class="gridItem">
		                                   <!-- BEGIN CatalogEntryThumbnailDisplay.jsp -->
            <div class="product "
                >
                
                     
                <div class="productInfo">
                    <div class="productNameAndPromotions">
                        
                                  <h3>
                                    <a href="https://www.sainsburys.co.uk/shop/gb/groceries/berries-cherries-currants/sainsburys-redcurrants-150g" >
                                        Sainsbury's Redcurrants 150g
                                        <img src="//www.sainsburys.co.uk/wcsstore7.28.113/ExtendedSitesCatalogAssetStore/images/catalog/productImages/01/0000001836301/0000001836301_L.jpeg" alt="" />
                                    </a>
                                </h3>
                              
                    </div> 
                </div>
                
                <div class="errorBanner hidden" id="error124337"></div>
                <div class="addToTrolleytabBox">   
                    <!--addToTrolleytabBox GRID VIEW --><!-- Start UserSubscribedOrNot.jspf --><!-- Start UserSubscribedOrNot.jsp --><!-- 
			If the user is not logged in, render this opening 
			DIV adding an addtional class to fix the border top which is removed 
			and replaced by the tabs
		-->
		<div class="addToTrolleytabContainer addItemBorderTop">
	<!-- End AddToSubscriptionList.jsp --><!-- End AddSubscriptionList.jspf --><!-- 
                    ATTENTION!!!
                    <div class="addToTrolleytabContainer">
                    This opening div is inside "../../ReusableObjects/UserSubscribedOrNot.jsp"
                    -->
                    <div class="pricingAndTrolleyOptions">
                        
                                    <div class="priceTab priceTabContainer activeContainer addItem" id="addItem_124337">
                                       <div class="pricing">
                                           
	<p class="pricePerUnit">
    Â£2.50<abbr title="per">/</abbr><abbr title="unit"><span class="pricePerUnitUnit">unit</span></abbr>
</p>
 
    <p class="pricePerMeasure">Â£16.67<abbr 
            title="per">/</abbr><abbr 
            title="kilogram"><span class="pricePerMeasureMeasure">kg</span></abbr>
    </p>

                                       </div>                                      

                                     
                                        <div class="addToTrolleyForm "> 
                                           <!-- BEGIN AddToTrolley.jsp --><!-- fire an on add to bag here from  -->
		
		<form class="addToTrolleyForm" name="OrderItemAddForm_124337" action="OrderItemAdd" method="post" id="OrderItemAddForm_124337" class="addToTrolleyForm">
		    <input type="hidden" name="storeId" value="10151"/>
		    <input type="hidden" name="langId" value="44"/>
		    <input type="hidden" name="catalogId" value="10123"/>
		    
		    
		    <input type="hidden" name="errorViewName" value="CategoryDisplayView"/>
		    <input type="hidden" name="SKU_ID" value="7557471"/>
		    <input type="hidden" name="itemType" value=""/>
		    
		    
	           <input type="hidden" name="ItemSKU_ID" value="7557471"/>
	        
		        <label class="access" for="quantity_124336">Quantity</label>
		        
					<input name="quantity"  id="quantity_124336" type="text" size="3" value="1" class="quantity"   />
				
                    <input type="hidden" name="catEntryId" value="124337"/>
                

		        <input type="hidden" name="productId" value="124336"/>
		        
		
		    <input type="hidden" name="URL" value="https://www.sainsburys.co.uk/webapp/wcs/stores/servlet/CategoryDisplay?langId=44&amp;storeId=10151&amp;krypto=D32KOcKfYA4Hvwso0i753dr1iIhAu0csku86SmELgEaQR9P8v2A2%2BPZCDQQrPknP4Jh5LpA5Os8C3TablW9eBLENLKFCZpf1CNYh6SDvSCqy9lZtSpAyelxddGfuzkoi8%2BSG2DgbdPE7xxt%2FzuYP88giPluAtHbXE1k%2Fds2ZCyc%3D&amp;ddkey=https%3Agb%2Fgroceries%2Ffruit-veg%2Fberries-cherries-currants"/>
		    <input type="hidden" name="page" value=""/>
		    <input type="hidden" name="contractId" value=""/>
		    <input type="hidden" name="calculateOrder" value="1"/>
		    <input type="hidden" name="calculationUsage" value="-1,-2,-3"/>
		    <input type="hidden" name="updateable" value="1"/>
		    <input type="hidden" name="merge" value="***"/>
		     
		   	<input type="hidden" name="callAjax" value="false"/>
		   	
		    
		        <input class="button process"  type="submit" name="Add" value="Add" />
			


		</form>
	<!-- END AddToTrolley.jsp -->
        <div class="numberInTrolley hidden numberInTrolley_124336" id="numberInTrolley_124336">
            
        </div>
    
                                        </div>

                                        <!-- BEGIN CatalogEntryRatingsReviewsInfo.jspf --><!-- productAllowedRatingsAndReviews: true -->
    <div class="reviews">
        
	        <a class="numberOfReviews repressive" href="http://reviews.sainsburys.co.uk//8076-en_gb/7557471-P/writereview.htm?submissionurl=https%3A%2F%2Fwww.sainsburys.co.uk%2Fwebapp%2Fwcs%2Fstores%2Fservlet%2FBVReviewSubmitDisplay%3FcatalogId%3D10123%26storeId%3D10151%26recipe%3D%26langId%3D44%26productId%3D7557471-P&return=https%3A%2F%2Fwww.sainsburys.co.uk%2Fwebapp%2Fwcs%2Fstores%2Fservlet%2Fhttp%3A%2F%2Fwww.sainsburys.co.uk%2Fshop%2FCategoryDisplay%3FpageSize%3D36%26catalogId%3D10123%26level%3D2%26top_category%3D12518%26parent_category_rn%3D12518%26langId%3D44%26categoryId%3D12563%26beginIndex%3D0%26storeId%3D10151" >
	    Write a review
          	</a>
        
    </div>
<!-- END CatalogEntryRatingsReviewsInfo.jspf -->
                                   </div>
                               <!-- Start AddToSubscriptionList.jspf --><!-- Start AddToSubscriptionList.jsp --><!-- End AddToSubscriptionList.jsp --><!-- End AddToSubscriptionList.jspf -->     
                    </div>
                            
                    
    
    <div class="badges">
        <ul>
            
                    
                    
                    
                     <li  class="lastchild" >

                        
                            <a href="/shop/gb/groceries/get-ideas/delivery-and-guides/freshness" >
                                         
                        <img src="/wcsstore7.28.113/SainsburysStorefrontAssetStore/wcassets/icons/typical_life/typical_life_2days.jpg" alt="Typical life 2 days" />
                            
                        
                            </a>    
                        
                    </li>
                
        </ul>   
    </div>

                </div>     
            </div>
            <!--ThumbnailRestriction --><!-- END CatalogEntryThumbnailDisplay.jsp -->
	                            </li>
                                <!-- BEGIN MerchandisingAssociationsDisplay.jsp --><!-- Start - JSP File Name:  MerchandisingAssociationsDisplay.jsp --><!-- END MerchandisingAssociationsDisplay.jsp -->
                                
	                            <li class="gridItem">
		                                   <!-- BEGIN CatalogEntryThumbnailDisplay.jsp -->
            <div class="product "
                >
                
                     
                <div class="productInfo">
                    <div class="productNameAndPromotions">
                        
                                  <h3>
                                    <a href="https://www.sainsburys.co.uk/shop/ProductDisplay?storeId=10151&productId=1217874&urlRequestType=Base&categoryId=12563&catalogId=10123&langId=44" >
                                        Sainsbury's Extra Large Blueberries 200g
                                        <img src="//www.sainsburys.co.uk/wcsstore7.28.113/SainsburysStorefrontAssetStore/img/thumb-no-image-140.png" alt="" />
                                    </a>
                                </h3>
                              
                    </div> 
                </div>
                
                <div class="errorBanner hidden" id="error1217875"></div>
                <div class="addToTrolleytabBox">   
                    <!--addToTrolleytabBox GRID VIEW --><!-- Start UserSubscribedOrNot.jspf --><!-- Start UserSubscribedOrNot.jsp --><!-- 
			If the user is not logged in, render this opening 
			DIV adding an addtional class to fix the border top which is removed 
			and replaced by the tabs
		-->
		<div class="addToTrolleytabContainer addItemBorderTop">
	<!-- End AddToSubscriptionList.jsp --><!-- End AddSubscriptionList.jspf --><!-- 
                    ATTENTION!!!
                    <div class="addToTrolleytabContainer">
                    This opening div is inside "../../ReusableObjects/UserSubscribedOrNot.jsp"
                    -->
                    <div class="pricingAndTrolleyOptions">
                        
                                    <div class="priceTab priceTabContainer activeContainer addItem" id="addItem_1217875">
                                       <div class="pricing">
                                           
	<p class="pricePerUnit">
    Â£2.50<abbr title="per">/</abbr><abbr title="unit"><span class="pricePerUnitUnit">unit</span></abbr>
</p>
 
    <p class="pricePerMeasure">Â£12.50<abbr 
            title="per">/</abbr><abbr 
            title="kilogram"><span class="pricePerMeasureMeasure">kg</span></abbr>
    </p>

                                       </div>                                      

                                     
                                        <div class="addToTrolleyForm "> 
                                           <!-- BEGIN AddToTrolley.jsp --><!-- fire an on add to bag here from  -->
		
		<form class="addToTrolleyForm" name="OrderItemAddForm_1217875" action="OrderItemAdd" method="post" id="OrderItemAddForm_1217875" class="addToTrolleyForm">
		    <input type="hidden" name="storeId" value="10151"/>
		    <input type="hidden" name="langId" value="44"/>
		    <input type="hidden" name="catalogId" value="10123"/>
		    
		    
		    <input type="hidden" name="errorViewName" value="CategoryDisplayView"/>
		    <input type="hidden" name="SKU_ID" value="7915696"/>
		    <input type="hidden" name="itemType" value=""/>
		    
		    
	           <input type="hidden" name="ItemSKU_ID" value="7915696"/>
	        
		        <label class="access" for="quantity_1217874">Quantity</label>
		        
					<input name="quantity"  id="quantity_1217874" type="text" size="3" value="1" class="quantity"   />
				
                    <input type="hidden" name="catEntryId" value="1217875"/>
                

		        <input type="hidden" name="productId" value="1217874"/>
		        
		
		    <input type="hidden" name="URL" value="https://www.sainsburys.co.uk/webapp/wcs/stores/servlet/CategoryDisplay?langId=44&amp;storeId=10151&amp;krypto=D32KOcKfYA4Hvwso0i753dr1iIhAu0csku86SmELgEaQR9P8v2A2%2BPZCDQQrPknP4Jh5LpA5Os8C3TablW9eBLENLKFCZpf1CNYh6SDvSCqy9lZtSpAyelxddGfuzkoi8%2BSG2DgbdPE7xxt%2FzuYP88giPluAtHbXE1k%2Fds2ZCyc%3D&amp;ddkey=https%3Agb%2Fgroceries%2Ffruit-veg%2Fberries-cherries-currants"/>
		    <input type="hidden" name="page" value=""/>
		    <input type="hidden" name="contractId" value=""/>
		    <input type="hidden" name="calculateOrder" value="1"/>
		    <input type="hidden" name="calculationUsage" value="-1,-2,-3"/>
		    <input type="hidden" name="updateable" value="1"/>
		    <input type="hidden" name="merge" value="***"/>
		     
		   	<input type="hidden" name="callAjax" value="false"/>
		   	
		    
		        <input class="button process"  type="submit" name="Add" value="Add" />
			


		</form>
	<!-- END AddToTrolley.jsp -->
        <div class="numberInTrolley hidden numberInTrolley_1217874" id="numberInTrolley_1217874">
            
        </div>
    
                                        </div>

                                        <!-- BEGIN CatalogEntryRatingsReviewsInfo.jspf --><!-- productAllowedRatingsAndReviews: true -->
    <div class="reviews">
        
	        <a class="numberOfReviews repressive" href="http://reviews.sainsburys.co.uk//8076-en_gb/7915696-P/writereview.htm?submissionurl=https%3A%2F%2Fwww.sainsburys.co.uk%2Fwebapp%2Fwcs%2Fstores%2Fservlet%2FBVReviewSubmitDisplay%3FcatalogId%3D10123%26storeId%3D10151%26recipe%3D%26langId%3D44%26productId%3D7915696-P&return=https%3A%2F%2Fwww.sainsburys.co.uk%2Fwebapp%2Fwcs%2Fstores%2Fservlet%2Fhttp%3A%2F%2Fwww.sainsburys.co.uk%2Fshop%2FCategoryDisplay%3FpageSize%3D36%26catalogId%3D10123%26level%3D2%26top_category%3D12518%26parent_category_rn%3D12518%26langId%3D44%26categoryId%3D12563%26beginIndex%3D0%26storeId%3D10151" >
	    Write a review
          	</a>
        
    </div>
<!-- END CatalogEntryRatingsReviewsInfo.jspf -->
                                   </div>
                               <!-- Start AddToSubscriptionList.jspf --><!-- Start AddToSubscriptionList.jsp --><!-- End AddToSubscriptionList.jsp --><!-- End AddToSubscriptionList.jspf -->     
                    </div>
                            
                    
    
    <div class="badges">
        <ul>
            
                    
                    
                    
                     <li  class="lastchild" >

                                         
                        <img src="/wcsstore7.28.113/SainsburysStorefrontAssetStore/wcassets/icons/new_40x40.gif" alt="New" />
                            
                        
                    </li>
                
        </ul>   
    </div>

                </div>     
            </div>
            <!--ThumbnailRestriction --><!-- END CatalogEntryThumbnailDisplay.jsp -->
	                            </li>
                                <!-- BEGIN MerchandisingAssociationsDisplay.jsp --><!-- Start - JSP File Name:  MerchandisingAssociationsDisplay.jsp --><!-- END MerchandisingAssociationsDisplay.jsp -->
                                
	                            <li class="gridItem">
		                                   <!-- BEGIN CatalogEntryThumbnailDisplay.jsp -->
            <div class="product "
                >
                
                     
                <div class="productInfo">
                    <div class="productNameAndPromotions">
                        
                                  <h3>
                                    <a href="https://www.sainsburys.co.uk/shop/ProductDisplay?storeId=10151&productId=1214786&urlRequestType=Base&categoryId=12563&catalogId=10123&langId=44" >
                                        Sainsbury's Cherries 500g
                                        <img src="//www.sainsburys.co.uk/wcsstore7.28.113/ExtendedSitesCatalogAssetStore/images/catalog/productImages/02/0000001507102/0000001507102_L.jpeg" alt="" />
                                    </a>
                                </h3>
                              
                    </div> 
                </div>
                
                <div class="errorBanner hidden" id="error1214787"></div>
                <div class="addToTrolleytabBox">   
                    <!--addToTrolleytabBox GRID VIEW --><!-- Start UserSubscribedOrNot.jspf --><!-- Start UserSubscribedOrNot.jsp --><!-- 
			If the user is not logged in, render this opening 
			DIV adding an addtional class to fix the border top which is removed 
			and replaced by the tabs
		-->
		<div class="addToTrolleytabContainer addItemBorderTop">
	<!-- End AddToSubscriptionList.jsp --><!-- End AddSubscriptionList.jspf --><!-- 
                    ATTENTION!!!
                    <div class="addToTrolleytabContainer">
                    This opening div is inside "../../ReusableObjects/UserSubscribedOrNot.jsp"
                    -->
                    <div class="pricingAndTrolleyOptions">
                        
                                    <div class="priceTab priceTabContainer activeContainer addItem" id="addItem_1214787">
                                       <div class="pricing">
                                           
	<p class="pricePerUnit">
    Â£3.00<abbr title="per">/</abbr><abbr title="unit"><span class="pricePerUnitUnit">unit</span></abbr>
</p>
 
    <p class="pricePerMeasure">Â£6.00<abbr 
            title="per">/</abbr><abbr 
            title="kilogram"><span class="pricePerMeasureMeasure">kg</span></abbr>
    </p>

                                       </div>                                      

                                     
                                        <div class="addToTrolleyForm "> 
                                           <!-- BEGIN AddToTrolley.jsp --><!-- fire an on add to bag here from  -->
		
		<form class="addToTrolleyForm" name="OrderItemAddForm_1214787" action="OrderItemAdd" method="post" id="OrderItemAddForm_1214787" class="addToTrolleyForm">
		    <input type="hidden" name="storeId" value="10151"/>
		    <input type="hidden" name="langId" value="44"/>
		    <input type="hidden" name="catalogId" value="10123"/>
		    
		    
		    <input type="hidden" name="errorViewName" value="CategoryDisplayView"/>
		    <input type="hidden" name="SKU_ID" value="7913636"/>
		    <input type="hidden" name="itemType" value=""/>
		    
		    
	           <input type="hidden" name="ItemSKU_ID" value="7913636"/>
	        
		        <label class="access" for="quantity_1214786">Quantity</label>
		        
					<input name="quantity"  id="quantity_1214786" type="text" size="3" value="1" class="quantity"   />
				
                    <input type="hidden" name="catEntryId" value="1214787"/>
                

		        <input type="hidden" name="productId" value="1214786"/>
		        
		
		    <input type="hidden" name="URL" value="https://www.sainsburys.co.uk/webapp/wcs/stores/servlet/CategoryDisplay?langId=44&amp;storeId=10151&amp;krypto=D32KOcKfYA4Hvwso0i753dr1iIhAu0csku86SmELgEaQR9P8v2A2%2BPZCDQQrPknP4Jh5LpA5Os8C3TablW9eBLENLKFCZpf1CNYh6SDvSCqy9lZtSpAyelxddGfuzkoi8%2BSG2DgbdPE7xxt%2FzuYP88giPluAtHbXE1k%2Fds2ZCyc%3D&amp;ddkey=https%3Agb%2Fgroceries%2Ffruit-veg%2Fberries-cherries-currants"/>
		    <input type="hidden" name="page" value=""/>
		    <input type="hidden" name="contractId" value=""/>
		    <input type="hidden" name="calculateOrder" value="1"/>
		    <input type="hidden" name="calculationUsage" value="-1,-2,-3"/>
		    <input type="hidden" name="updateable" value="1"/>
		    <input type="hidden" name="merge" value="***"/>
		     
		   	<input type="hidden" name="callAjax" value="false"/>
		   	
		    
		        <input class="button process"  type="submit" name="Add" value="Add" />
			


		</form>
	<!-- END AddToTrolley.jsp -->
        <div class="numberInTrolley hidden numberInTrolley_1214786" id="numberInTrolley_1214786">
            
        </div>
    
                                        </div>

                                        <!-- BEGIN CatalogEntryRatingsReviewsInfo.jspf --><!-- productAllowedRatingsAndReviews: true -->
    <div class="reviews">
        
	        <a class="numberOfReviews repressive" href="http://reviews.sainsburys.co.uk//8076-en_gb/7913636-P/writereview.htm?submissionurl=https%3A%2F%2Fwww.sainsburys.co.uk%2Fwebapp%2Fwcs%2Fstores%2Fservlet%2FBVReviewSubmitDisplay%3FcatalogId%3D10123%26storeId%3D10151%26recipe%3D%26langId%3D44%26productId%3D7913636-P&return=https%3A%2F%2Fwww.sainsburys.co.uk%2Fwebapp%2Fwcs%2Fstores%2Fservlet%2Fhttp%3A%2F%2Fwww.sainsburys.co.uk%2Fshop%2FCategoryDisplay%3FpageSize%3D36%26catalogId%3D10123%26level%3D2%26top_category%3D12518%26parent_category_rn%3D12518%26langId%3D44%26categoryId%3D12563%26beginIndex%3D0%26storeId%3D10151" >
	    Write a review
          	</a>
        
    </div>
<!-- END CatalogEntryRatingsReviewsInfo.jspf -->
                                   </div>
                               <!-- Start AddToSubscriptionList.jspf --><!-- Start AddToSubscriptionList.jsp --><!-- End AddToSubscriptionList.jsp --><!-- End AddToSubscriptionList.jspf -->     
                    </div>
                            
                    
    
    <div class="badges">
        <ul>
            
                    
                    
                    
                     <li  class="lastchild" >

                                         
                        <img src="/wcsstore7.28.113/SainsburysStorefrontAssetStore/wcassets/icons/new_40x40.gif" alt="New" />
                            
                        
                    </li>
                
        </ul>   
    </div>

                </div>     
            </div>
            <!--ThumbnailRestriction --><!-- END CatalogEntryThumbnailDisplay.jsp -->
	                            </li>
                                <!-- BEGIN MerchandisingAssociationsDisplay.jsp --><!-- Start - JSP File Name:  MerchandisingAssociationsDisplay.jsp --><!-- END MerchandisingAssociationsDisplay.jsp -->
                                
	                            <li class="gridItem">
		                                   <!-- BEGIN CatalogEntryThumbnailDisplay.jsp -->
            <div class="product "
                >
                
                     
                <div class="productInfo">
                    <div class="productNameAndPromotions">
                        
                                  <h3>
                                    <a href="https://www.sainsburys.co.uk/shop/gb/groceries/berries-cherries-currants/sainsburys-british-cherry---strawberry-pack-600g" >
                                        Sainsbury's British Cherry & Strawberry Pack 600g
                                        <img src="//www.sainsburys.co.uk/wcsstore7.28.113/ExtendedSitesCatalogAssetStore/images/catalog/productImages/57/0000000289757/0000000289757_L.jpeg" alt="" />
                                    </a>
                                </h3>
                              
                    </div> 
                </div>
                
                <div class="errorBanner hidden" id="error1147433"></div>
                <div class="addToTrolleytabBox">   
                    <!--addToTrolleytabBox GRID VIEW --><!-- Start UserSubscribedOrNot.jspf --><!-- Start UserSubscribedOrNot.jsp --><!-- 
			If the user is not logged in, render this opening 
			DIV adding an addtional class to fix the border top which is removed 
			and replaced by the tabs
		-->
		<div class="addToTrolleytabContainer addItemBorderTop">
	<!-- End AddToSubscriptionList.jsp --><!-- End AddSubscriptionList.jspf --><!-- 
                    ATTENTION!!!
                    <div class="addToTrolleytabContainer">
                    This opening div is inside "../../ReusableObjects/UserSubscribedOrNot.jsp"
                    -->
                    <div class="pricingAndTrolleyOptions">
                        
                                    <div class="priceTab priceTabContainer activeContainer addItem" id="addItem_1147433">
                                       <div class="pricing">
                                           
	<p class="pricePerUnit">
    Â£4.00<abbr title="per">/</abbr><abbr title="unit"><span class="pricePerUnitUnit">unit</span></abbr>
</p>
 
    <p class="pricePerMeasure">Â£6.67<abbr 
            title="per">/</abbr><abbr 
            title="kilogram"><span class="pricePerMeasureMeasure">kg</span></abbr>
    </p>

                                       </div>                                      

                                     
                                        <div class="addToTrolleyForm "> 
                                           <!-- BEGIN AddToTrolley.jsp --><!-- fire an on add to bag here from  -->
		
		<form class="addToTrolleyForm" name="OrderItemAddForm_1147433" action="OrderItemAdd" method="post" id="OrderItemAddForm_1147433" class="addToTrolleyForm">
		    <input type="hidden" name="storeId" value="10151"/>
		    <input type="hidden" name="langId" value="44"/>
		    <input type="hidden" name="catalogId" value="10123"/>
		    
		    
		    <input type="hidden" name="errorViewName" value="CategoryDisplayView"/>
		    <input type="hidden" name="SKU_ID" value="7867588"/>
		    <input type="hidden" name="itemType" value=""/>
		    
		    
	           <input type="hidden" name="ItemSKU_ID" value="7867588"/>
	        
		        <label class="access" for="quantity_1147432">Quantity</label>
		        
					<input name="quantity"  id="quantity_1147432" type="text" size="3" value="1" class="quantity"   />
				
                    <input type="hidden" name="catEntryId" value="1147433"/>
                

		        <input type="hidden" name="productId" value="1147432"/>
		        
		
		    <input type="hidden" name="URL" value="https://www.sainsburys.co.uk/webapp/wcs/stores/servlet/CategoryDisplay?langId=44&amp;storeId=10151&amp;krypto=D32KOcKfYA4Hvwso0i753dr1iIhAu0csku86SmELgEaQR9P8v2A2%2BPZCDQQrPknP4Jh5LpA5Os8C3TablW9eBLENLKFCZpf1CNYh6SDvSCqy9lZtSpAyelxddGfuzkoi8%2BSG2DgbdPE7xxt%2FzuYP88giPluAtHbXE1k%2Fds2ZCyc%3D&amp;ddkey=https%3Agb%2Fgroceries%2Ffruit-veg%2Fberries-cherries-currants"/>
		    <input type="hidden" name="page" value=""/>
		    <input type="hidden" name="contractId" value=""/>
		    <input type="hidden" name="calculateOrder" value="1"/>
		    <input type="hidden" name="calculationUsage" value="-1,-2,-3"/>
		    <input type="hidden" name="updateable" value="1"/>
		    <input type="hidden" name="merge" value="***"/>
		     
		   	<input type="hidden" name="callAjax" value="false"/>
		   	
		    
		        <input class="button process"  type="submit" name="Add" value="Add" />
			


		</form>
	<!-- END AddToTrolley.jsp -->
        <div class="numberInTrolley hidden numberInTrolley_1147432" id="numberInTrolley_1147432">
            
        </div>
    
                                        </div>

                                        <!-- BEGIN CatalogEntryRatingsReviewsInfo.jspf --><!-- productAllowedRatingsAndReviews: true -->
    <div class="reviews">
        
	        <a class="numberOfReviews repressive" href="http://reviews.sainsburys.co.uk//8076-en_gb/7867588-P/writereview.htm?submissionurl=https%3A%2F%2Fwww.sainsburys.co.uk%2Fwebapp%2Fwcs%2Fstores%2Fservlet%2FBVReviewSubmitDisplay%3FcatalogId%3D10123%26storeId%3D10151%26recipe%3D%26langId%3D44%26productId%3D7867588-P&return=https%3A%2F%2Fwww.sainsburys.co.uk%2Fwebapp%2Fwcs%2Fstores%2Fservlet%2Fhttp%3A%2F%2Fwww.sainsburys.co.uk%2Fshop%2FCategoryDisplay%3FpageSize%3D36%26catalogId%3D10123%26level%3D2%26top_category%3D12518%26parent_category_rn%3D12518%26langId%3D44%26categoryId%3D12563%26beginIndex%3D0%26storeId%3D10151" >
	    Write a review
          	</a>
        
    </div>
<!-- END CatalogEntryRatingsReviewsInfo.jspf -->
                                   </div>
                               <!-- Start AddToSubscriptionList.jspf --><!-- Start AddToSubscriptionList.jsp --><!-- End AddToSubscriptionList.jsp --><!-- End AddToSubscriptionList.jspf -->     
                    </div>
                            
                    
                </div>     
            </div>
            <!--ThumbnailRestriction --><!-- END CatalogEntryThumbnailDisplay.jsp -->
	                            </li>
                                
	            </ul>
	            

<h2 class="access">Product pagination</h2>
<div class="pagination paginationBottom">

    
    <ul class="pages">
            <li class="previous">
                
                <span class="access">Go to previous page</span>
                
            </li>

        <li class="current"><span class="access">Current page </span><span>1</span></li>
        
            <li class="next">
        
        <span class="access">Go to next page</span>
        
            </li>
    </ul>

</div>

	                  
            </div>
             <!-- BEGIN HookLogicTileListDisplay.jsp -->
<hr>
<div id="hookLogicBottomTiles">
    
		              <h2 class="hookLogicTitle">Sponsored</h2>
		              <ul class="productLister  gridView">
		                  

	               <li class="gridItem   ">  
	                   <!-- BEGIN CatalogEntryThumbnailDisplay.jsp -->
            <div class="product  hl-product hookLogic  highlighted specialOffer"
                onView-beacon=//b.hlserve.com/beacon?fid=425&hl_qs=jvaKtwU%2bWK83JGRCYbfQjzynshNXFBSws124ZgXYC4bFhfLz1tLBeN7FiJl0TJ0WPKAISfcxg7ORa%2fuE5HtUS%2bwsolRYjBcV0MeySDR2Ab7ewq2rBnPrzBKR9rNJof5Pu5%2fQlvJ1euvHXUzelF8TrKEzOU2BM%2beevZz91t9ZUym5iCdDHZGFQhM1D5tieZztHQjA2taghc1Ba1xLZxeauKh8fUT%2fAhtJ5sL4mW5M1gOEGuCO6pfzFls70INk9q00wnlHgDDHUj0vol1kgAm4BfXJDOlB6zEDVHCqhChdD9pEV7P7NIWzuEUaefcD1wyGf4d0lU3%2beTJ3L999Zx1eIVfNj7Tuk9gFKwtYLrYGxUrSbDatqdm2rKOpqvfYhwgG8WkiMEAAz9j4f2Ji2AtQrx7wlZWiBB7T6BORfJoxiEoFxtkjCvUTLy0AXpdtCfkzrLrw4rWgSGn7mlhGzTI%2fFAfPYdVYjs4UFNg%2b489WFXYKf9M8leSwHIyKckWaiPGjR%2bMR1EgvwtyH0remYH0feiOmCeBJ%2bpRaWbxUiIM22k%2bU%2fhw7FE3UOoRC%2fXDtbDvCzn4O2021cRKuPywsZ%2fzMDs5CP69fFWEA4sN%2bIM7%2fiQaUu%2bWbi0XYJQh%2fKX5ME%2bpbgDNFFeCY3qLN7S4f8Ju547bGChIDZ0AON7mynmQRMpH7M7CacnkZFtKPouoopesOVN0aKzBsB3YFUroFtwBalUhx1TZjv3ZP0xa8Ioh7gJcewqPs9tVGKVCuUJ%2btYu1z9hBmRq4jnmVWjwc5lCAPS0NAevUWjqRMXypLz4MOlcLWZ9G4aw0Uw%2bFatTQJG5n%2fZ283q3%2bG9ofOZBH7Z8DSlLnTbdetttA7lsnGqaDYhWqs9vyyksTYOeEhK1F%2bXog9RFzRJMibp5pCVAbF9w7li0FGXrZQN0xuC4y%2fJ4GuvfQCZet%2f85xotLnkscC9YRnxEAw1Xd6MOSRWq%2bqmtluNe2TJ5KmPiVlieYAYUGzsYjntusLK18FdXXrY6mAwUTTnkYxbrCTiB03mJFbC2c0fNo981TeRFz6IfufiL5A8tyQ19JPUNzFWoYv0boh3%2bN2rZKOs3yoEqmDXJoyQM4Tz4opRycupAP2uFYNm%2fVBRJpb4tFGSUJqCXdJ9wSdL7E3VcXsDVOGWHLD2%2farchFpkhNdx7JAB6R7WNItPLOyU6NXVXEe%2bFaTD%2fPSlIDHl5vCkc1G95S6Ac1h4ltn%2b3n01BEoRDD4UhEnyNKisLIv9DFRJUPHPNNMNEmoGChsdgTvbaQ31%2f%2b4EA4NnJfgBtHsB%2fg%3d%3d&ev=1&action=imp&pageguid=7fd21a78-df24-4f9c-8296-72c2e63b9f2f&pid=d0157250-b983-4120-ab96-08b8da1e9a8a&rn=582911129&hmguid=5fa0921e-aa09-4668-a150-cb4b4737d506"
                >
                
                
<wcbase:useBean id="sdb" classname="com.ibm.commerce.common.beans.StoreDataBean" scope="request" />
     
                <div class="productInfo">
                    <div class="productNameAndPromotions">
                        
                                  <h3>
                                    <a href="//cat.hlserve.com/beacon?fid=425&hl_qs=jvaKtwU%2bWK83JGRCYbfQjzynshNXFBSws124ZgXYC4bFhfLz1tLBeN7FiJl0TJ0WPKAISfcxg7ORa%2fuE5HtUS%2bwsolRYjBcV0MeySDR2Ab7ewq2rBnPrzBKR9rNJof5Pu5%2fQlvJ1euvHXUzelF8TrKEzOU2BM%2beevZz91t9ZUym5iCdDHZGFQhM1D5tieZztHQjA2taghc1Ba1xLZxeauKh8fUT%2fAhtJ5sL4mW5M1gMQtWowl6ilFPi66GTFo6bJ7IBT%2bvel2CtBo3dt25KhLymxBfl%2bCXE1cuPZJRfHttzk57HUkQ55lrUvt6knS7HuKZdXs6l3R6aOt7pFHTGx6QJ8i9TAsF8AbK6g7XKQa7gyoqi0wBHRO3v7InI0nrZJxucfRNmdIsrrreRo4N7eV0eDsyJi6nxT6i1WwI3eaG4eg0%2fs%2bRXZr%2fOuA91vQ7Op4tpx0eGx1hobK2njhHEN7s7U5UXmJ7aIBtJqFfjE37Tn5LHS1wbiQcxlLFTfF7puDgxPJtfA2btJX%2bpTZq%2frjat%2ftFxB2pm1QqfNgIpYM2j13xKaNMfC8JUyBd9EolBpOnBfoMps5DnMKqx8ChZn2j6dEcDSrix5eXEt5z6gnJBM0FKshGQJa8gH9puBUEIDu%2brrYr%2bxLvHMA7toww58iDo%2bMTnYIQCimaRoHT0EnaSUg3w4JQJMbELi64%2bbwfw3nBceCuDxwqLRFVOCU9qhMhAOzVHylSv3eTyBhg9FNjHUlOWSs8%2fzTsa2LfslndDs99eZ9VCuY1xQvi4zwBmhARnJ2lccC0u%2b7WZ8S5TgK1JJhS2ygv24DfZ%2fPto9SOG4Zncyza20i5PArpUYPpYm1H%2fEyKm1MDgTFjpR78Y%2b7hUowtRSxafLv2WPdmHiZbReDanwakjMXwWygR54F3%2b01KX2UR0bkoSmx1xpTG%2bz3bLBjrR28Z4XAaIogyLBH1CCvwYueglvdV0jWClmbcn4D%2bpWZZlsgWy240ixIk5L%2bAPccD%2b3BAeUf9HKZk0PF9XQSgRU2SsXcjgetXWyDNivApGLQwhGFphFniV4Ny8P4rsXFLclxl0GDSW0qcMpDAwbUR9VYULNmNfmqYkOL2%2b37QEEulEjtUm2M9cy51citgmmq9eNJucXRl%2bQ4sE0wCYE850R5cHPqdhjhdh9Y3ixS1dnNG4VsZQuVOtZ724E%2blZ5UmK022BeaMe%2fENqGccQ5&ev=1&action=click&impressionpid=d0157250-b983-4120-ab96-08b8da1e9a8a&rn=1020433277&hmguid=5fa0921e-aa09-4668-a150-cb4b4737d506&dest=https%3a%2f%2fwww.sainsburys.co.uk%2fshop%2fgb%2fgroceries%2fgarnier-summer-body--light-400ml" >
                                        Garnier Body Summer Body Light Gradual Tan Moisturiser 400ml
                                        <img src="//www.sainsburys.co.uk/wcsstore7.28.113/ExtendedSitesCatalogAssetStore/images/catalog/productImages/48/3600540505248/3600540505248_L.jpeg" alt="" />
                                    </a>
                                </h3>
                              
    <div class="promotion">
                   
		            <p><a href="//cat.hlserve.com/beacon?fid=425&hl_qs=jvaKtwU%2bWK83JGRCYbfQjzynshNXFBSws124ZgXYC4bFhfLz1tLBeN7FiJl0TJ0WPKAISfcxg7ORa%2fuE5HtUS%2bwsolRYjBcV0MeySDR2Ab7ewq2rBnPrzBKR9rNJof5Pu5%2fQlvJ1euvHXUzelF8TrKEzOU2BM%2beevZz91t9ZUym5iCdDHZGFQhM1D5tieZztHQjA2taghc1Ba1xLZxeauKh8fUT%2fAhtJ5sL4mW5M1gMQtWowl6ilFPi66GTFo6bJ7IBT%2bvel2CtBo3dt25KhLymxBfl%2bCXE1cuPZJRfHttzk57HUkQ55lrUvt6knS7HuKZdXs6l3R6aOt7pFHTGx6QJ8i9TAsF8AbK6g7XKQa7gyoqi0wBHRO3v7InI0nrZJxucfRNmdIsrrreRo4N7eV0eDsyJi6nxT6i1WwI3eaG4eg0%2fs%2bRXZr%2fOuA91vQ7Op4tpx0eGx1hobK2njhHEN7s7U5UXmJ7aIBtJqFfjE37Tn5LHS1wbiQcxlLFTfF7puDgxPJtfA2btJX%2bpTZq%2frjat%2ftFxB2pm1QqfNgIpYM2j13xKaNMfC8JUyBd9EolBpOnBfoMps5DnMKqx8ChZn2tVmj%2fwrsX6bMolLZ9qm0OrkfSadk0jo%2bNUAvtda5%2bY6gdKSVucGA3Lr6t2jibFxASGlrVWGP17Ks75w8aCMhLc6yYC4NebthVUnssz5Gtp8QHCur6ORlKhkCblKo4kyrqV19GnbD7tQkJpv42IFqN1CcrphrBaoGmkfJW3PLDOzTgwIY84rTBjhOrF%2b5ZSSH0huHY5VMdVoArR31tMeMqdO4hieoGpvsZC7r3KfZ%2bN4MMAvYzVZIkQXvnTS9Kg0hZIXv0Lnuu96sjq5x6TIXB50kBqTAAZU3NQVhUCzRgyiQmjQKlmMfrB1EDbGD52M2KL1VHF%2b19rSjxri%2fzzUMEWfOM7QrQX9sn4U4b8fc4WLBkTY35VcZNkbex1w3p9zGoBQyTmjcwe5al1V0qckTO1kfwBnWfO6Pu%2fiGObkt1HBM4jgeh4%2ft6E3EA%2bP7S6WEd9DUgm9qTqxzzoPjkPUbQRdOmRe928whhEx%2fKoJkNAzq6rVhj%2bAdS4QqGIdVA8EJtp%2fJ0IJ7ZA2%2fJBKZDVngT9%2bdan%2baM2CupaTOUynG87mmOCQ9AqaM8OkyH7udkJK4%2bqGGQ87W2vw3IOvRYdSXz8oJBveY5AdArgAOLRW80wK&ev=1&action=click&impressionpid=d0157250-b983-4120-ab96-08b8da1e9a8a&rn=1078385779&hmguid=5fa0921e-aa09-4668-a150-cb4b4737d506&dest=https%3A%2F%2Fwww.sainsburys.co.uk%2Fshop%2FPromotionDisplayView%3FcatalogId%3D10123%26langId%3D44%26productId%3D856272%26storeId%3D10151%26promotionId%3D10311429"><!-- BEGIN include/PromotionStrapline.jspf -->Only Â£5.00: Save Â£3.00<br/>

<!-- FINISH include/PromotionStrapline.jspf -->
		            </a></p>
		                        
    </div>

                    </div> 
                </div>
                
            <div class="strapline">
                <a href="//cat.hlserve.com/beacon?fid=425&hl_qs=jvaKtwU%2bWK83JGRCYbfQjzynshNXFBSws124ZgXYC4bFhfLz1tLBeN7FiJl0TJ0WPKAISfcxg7ORa%2fuE5HtUS%2bwsolRYjBcV0MeySDR2Ab7ewq2rBnPrzBKR9rNJof5Pu5%2fQlvJ1euvHXUzelF8TrKEzOU2BM%2beevZz91t9ZUym5iCdDHZGFQhM1D5tieZztHQjA2taghc1Ba1xLZxeauKh8fUT%2fAhtJ5sL4mW5M1gMQtWowl6ilFPi66GTFo6bJ7IBT%2bvel2CtBo3dt25KhLymxBfl%2bCXE1cuPZJRfHttzk57HUkQ55lrUvt6knS7HuKZdXs6l3R6aOt7pFHTGx6QJ8i9TAsF8AbK6g7XKQa7gyoqi0wBHRO3v7InI0nrZJxucfRNmdIsrrreRo4N7eV0eDsyJi6nxT6i1WwI3eaG4eg0%2fs%2bRXZr%2fOuA91vQ7Op4tpx0eGx1hobK2njhHEN7s7U5UXmJ7aIBtJqFfjE37Tn5LHS1wbiQcxlLFTfF7puDgxPJtfA2btJX%2bpTZq%2frjat%2ftFxB2pm1QqfNgIpYM2j13xKaNMfC8JUyBd9EolBpOnBfoMps5DnMKqx8ChZn2tVmj%2fwrsX6bMolLZ9qm0OrkfSadk0jo%2bNUAvtda5%2bY6gdKSVucGA3Lr6t2jibFxASGlrVWGP17Ks75w8aCMhLc6yYC4NebthVUnssz5Gtp8QHCur6ORlKhkCblKo4kyrqV19GnbD7tQkJpv42IFqN1CcrphrBaoGmkfJW3PLDOzTgwIY84rTBjhOrF%2b5ZSSH0huHY5VMdVoArR31tMeMqdO4hieoGpvsZC7r3KfZ%2bN4MMAvYzVZIkQXvnTS9Kg0hZIXv0Lnuu96sjq5x6TIXB50kBqTAAZU3NQVhUCzRgyiQmjQKlmMfrB1EDbGD52M2KL1VHF%2b19rSjxri%2fzzUMEWfOM7QrQX9sn4U4b8fc4WLBkTY35VcZNkbex1w3p9zGoBQyTmjcwe5al1V0qckTO1kfwBnWfO6Pu%2fiGObkt1HBM4jgeh4%2ft6E3EA%2bP7S6WEd9DUgm9qTqxzzoPjkPUbQRdOmRe928whhEx%2fKoJkNAzq6rVhj%2bAdS4QqGIdVA8EJtp%2fJ0IJ7ZA2%2fJBKZDVngT9%2bdan%2baM2CupaTOUynG87mmOCQ9AqaM8OkyH7udkJK4%2bqGGQ87W2vw3IOvRYdSXz8oJBveY5AdArgAOLRW80wK&ev=1&action=click&impressionpid=d0157250-b983-4120-ab96-08b8da1e9a8a&rn=1078385779&hmguid=5fa0921e-aa09-4668-a150-cb4b4737d506&dest=https%3A%2F%2Fwww.sainsburys.co.uk%2Fshop%2FPromotionDisplayView%3FcatalogId%3D10123%26langId%3D44%26productId%3D856272%26storeId%3D10151%26promotionId%3D10311429"><img src="/wcsstore7.28.113/SainsburysStorefrontAssetStore/wcassets/icons/special/img-special-offer.png" alt="Special Offer" />
                </a>
            </div>
          
                <div class="errorBanner hidden" id="error856273"></div>
                <div class="addToTrolleytabBox">   
                    <!--addToTrolleytabBox GRID VIEW --><!-- Start UserSubscribedOrNot.jspf --><!-- Start UserSubscribedOrNot.jsp --><!-- 
			If the user is not logged in, render this opening 
			DIV adding an addtional class to fix the border top which is removed 
			and replaced by the tabs
		-->
		<div class="addToTrolleytabContainer addItemBorderTop">
	<!-- End AddToSubscriptionList.jsp --><!-- End AddSubscriptionList.jspf --><!-- 
                    ATTENTION!!!
                    <div class="addToTrolleytabContainer">
                    This opening div is inside "../../ReusableObjects/UserSubscribedOrNot.jsp"
                    -->
                    <div class="pricingAndTrolleyOptions">
                        
                                    <div class="priceTab priceTabContainer activeContainer addItem" id="addItem_856273">
                                       <div class="pricing">
                                           
	<p class="pricePerUnit">
    Â£5.00<abbr title="per">/</abbr><abbr title="unit"><span class="pricePerUnitUnit">unit</span></abbr>
</p>
 
    <p class="pricePerMeasure">Â£1.25<abbr 
            title="per">/</abbr>100<abbr 
            title="millilitre"><span class="pricePerMeasureMeasure">ml</span></abbr>
    </p>

                                       </div>                                      

                                     
                                        <div class="addToTrolleyForm "> 
                                           <!-- BEGIN AddToTrolley.jsp --><!-- fire an on add to bag here from true -->
		
		<form class="addToTrolleyForm" name="OrderItemAddForm_856273" action="OrderItemAdd" method="post" id="OrderItemAddForm_856273" class="addToTrolleyForm">
		    <input type="hidden" name="storeId" value="10151"/>
		    <input type="hidden" name="langId" value="44"/>
		    <input type="hidden" name="catalogId" value="10123"/>
		    
		    
                <input type="hidden" name="hookLogicOnClickUrl" value="//cat.hlserve.com/beacon?fid=425&hl_qs=jvaKtwU%2bWK83JGRCYbfQjzynshNXFBSws124ZgXYC4bFhfLz1tLBeN7FiJl0TJ0WPKAISfcxg7ORa%2fuE5HtUS%2bwsolRYjBcV0MeySDR2Ab7ewq2rBnPrzBKR9rNJof5Pu5%2fQlvJ1euvHXUzelF8TrKEzOU2BM%2beevZz91t9ZUym5iCdDHZGFQhM1D5tieZztHQjA2taghc1Ba1xLZxeauKh8fUT%2fAhtJ5sL4mW5M1gMQtWowl6ilFPi66GTFo6bJ7IBT%2bvel2CtBo3dt25KhLymxBfl%2bCXE1cuPZJRfHttzk57HUkQ55lrUvt6knS7HuKZdXs6l3R6aOt7pFHTGx6QJ8i9TAsF8AbK6g7XKQa7gyoqi0wBHRO3v7InI0nrZJxucfRNmdIsrrreRo4N7eV0eDsyJi6nxT6i1WwI3eaG4eg0%2fs%2bRXZr%2fOuA91vQ7Op4tpx0eGx1hobK2njhHEN7s7U5UXmJ7aIBtJqFfjE37Tn5LHS1wbiQcxlLFTfF7puDgxPJtfA2btJX%2bpTZq%2frjat%2ftFxB2pm1QqfNgIpYM2j13xKaNMfC8JUyBd9EolBpOnBfoMps5DnMKqx8ChZn2tVmj%2fwrsX6bMolLZ9qm0OrkfSadk0jo%2bNUAvtda5%2bY6gdKSVucGA3Lr6t2jibFxASGlrVWGP17Ks75w8aCMhLc6yYC4NebthVUnssz5Gtp8QHCur6ORlKhkCblKo4kyrqV19GnbD7tQkJpv42IFqN1CcrphrBaoGmkfJW3PLDOzTgwIY84rTBjhOrF%2b5ZSSH0huHY5VMdVoArR31tMeMqdO4hieoGpvsZC7r3KfZ%2bN4MMAvYzVZIkQXvnTS9Kg0hZIXv0Lnuu96sjq5x6TIXB50kBqTAAZU3NQVhUCzRgyiQmjQKlmMfrB1EDbGD52M2KL1VHF%2b19rSjxri%2fzzUMEWfOM7QrQX9sn4U4b8fc4WLBkTY35VcZNkbex1w3p9zGoBQyTmjcwe5al1V0qckTO1kfwBnWfO6Pu%2fiGObkt1HBM4jgeh4%2ft6E3EA%2bP7S6WEd9DUgm9qTqxzzoPjkPUbQRdOmRe928whhEx%2fKoJkNAzq6rVhj%2bAdS4QqGIdVA8EJtp%2fJ0IJ7ZA2%2fJBKZDVngT9%2bdan%2baM2CupaTOUynG87mmOCQ9AqaM8OkyH7udkJK4%2bqGGQ87W2vw3IOvRYdSXz8oJBveY5AdArgAOLRW80wK&ev=1&action=click&impressionpid=d0157250-b983-4120-ab96-08b8da1e9a8a&rn=1078385779&hmguid=5fa0921e-aa09-4668-a150-cb4b4737d506"/>
            
		    <input type="hidden" name="errorViewName" value="CategoryDisplayView"/>
		    <input type="hidden" name="SKU_ID" value="6379651"/>
		    <input type="hidden" name="itemType" value=""/>
		    
		    
	           <input type="hidden" name="ItemSKU_ID" value="6379651"/>
	        
		        <label class="access" for="quantity_856272">Quantity</label>
		        
					<input name="quantity"  id="quantity_856272" type="text" size="3" value="1" class="quantity"   />
				
                    <input type="hidden" name="catEntryId" value="856273"/>
                

		        <input type="hidden" name="productId" value="856272"/>
		        
		
		    <input type="hidden" name="URL" value="https://www.sainsburys.co.uk/webapp/wcs/stores/servlet/CategoryDisplay?langId=44&amp;storeId=10151&amp;krypto=D32KOcKfYA4Hvwso0i753dr1iIhAu0csku86SmELgEaQR9P8v2A2%2BPZCDQQrPknP4Jh5LpA5Os8C3TablW9eBLENLKFCZpf1CNYh6SDvSCqy9lZtSpAyelxddGfuzkoi8%2BSG2DgbdPE7xxt%2FzuYP88giPluAtHbXE1k%2Fds2ZCyc%3D&amp;ddkey=https%3Agb%2Fgroceries%2Ffruit-veg%2Fberries-cherries-currants"/>
		    <input type="hidden" name="page" value=""/>
		    <input type="hidden" name="contractId" value=""/>
		    <input type="hidden" name="calculateOrder" value="1"/>
		    <input type="hidden" name="calculationUsage" value="-1,-2,-3"/>
		    <input type="hidden" name="updateable" value="1"/>
		    <input type="hidden" name="merge" value="***"/>
		     
		   	<input type="hidden" name="callAjax" value="false"/>
		   	
		    
		        <input class="button process"  type="submit" name="Add" value="Add" />
			


		</form>
	<!-- END AddToTrolley.jsp -->
        <div class="numberInTrolley hidden numberInTrolley_856272" id="numberInTrolley_856272">
            
        </div>
    
                                        </div>

                                        <!-- BEGIN CatalogEntryRatingsReviewsInfo.jspf --><!-- productAllowedRatingsAndReviews: true -->
    <div class="reviews">
        
            <a class="numberOfReviews" href="//cat.hlserve.com/beacon?fid=425&hl_qs=jvaKtwU%2bWK83JGRCYbfQjzynshNXFBSws124ZgXYC4bFhfLz1tLBeN7FiJl0TJ0WPKAISfcxg7ORa%2fuE5HtUS%2bwsolRYjBcV0MeySDR2Ab7ewq2rBnPrzBKR9rNJof5Pu5%2fQlvJ1euvHXUzelF8TrKEzOU2BM%2beevZz91t9ZUym5iCdDHZGFQhM1D5tieZztHQjA2taghc1Ba1xLZxeauKh8fUT%2fAhtJ5sL4mW5M1gMQtWowl6ilFPi66GTFo6bJ7IBT%2bvel2CtBo3dt25KhLymxBfl%2bCXE1cuPZJRfHttzk57HUkQ55lrUvt6knS7HuKZdXs6l3R6aOt7pFHTGx6QJ8i9TAsF8AbK6g7XKQa7gyoqi0wBHRO3v7InI0nrZJxucfRNmdIsrrreRo4N7eV0eDsyJi6nxT6i1WwI3eaG4eg0%2fs%2bRXZr%2fOuA91vQ7Op4tpx0eGx1hobK2njhHEN7s7U5UXmJ7aIBtJqFfjE37Tn5LHS1wbiQcxlLFTfF7puDgxPJtfA2btJX%2bpTZq%2frjat%2ftFxB2pm1QqfNgIpYM2j13xKaNMfC8JUyBd9EolBpOnBfoMps5DnMKqx8ChZn2j6dEcDSrix5eXEt5z6gnJBM0FKshGQJa8gH9puBUEIDu%2brrYr%2bxLvHMA7toww58iDo%2bMTnYIQCimaRoHT0EnaSUg3w4JQJMbELi64%2bbwfw3nBceCuDxwqLRFVOCU9qhMhAOzVHylSv3eTyBhg9FNjHUlOWSs8%2fzTsa2LfslndDs99eZ9VCuY1xQvi4zwBmhARnJ2lccC0u%2b7WZ8S5TgK1JJhS2ygv24DfZ%2fPto9SOG4Zncyza20i5PArpUYPpYm1H%2fEyKm1MDgTFjpR78Y%2b7hUowtRSxafLv2WPdmHiZbReDanwakjMXwWygR54F3%2b01KX2UR0bkoSmx1xpTG%2bz3bLBjrR28Z4XAaIogyLBH1CCvwYueglvdV0jWClmbcn4D%2bpWZZlsgWy240ixIk5L%2bAPccD%2b3BAeUf9HKZk0PF9XQSgRU2SsXcjgetXWyDNivApGLQwhGFphFniV4Ny8P4rsXFLclxl0GDSW0qcMpDAwbUR9VYULNmNfmqYkOL2%2b37QEEulEjtUm2M9cy51citgmmq9eNJucXRl%2bQ4sE0wCYE850R5cHPqdhjhdh9Y3ixS1dnNG4VsZQuVOtZ724E%2blZ5UmK022BeaMe%2fENqGccQ5&ev=1&action=click&impressionpid=d0157250-b983-4120-ab96-08b8da1e9a8a&rn=1020433277&hmguid=5fa0921e-aa09-4668-a150-cb4b4737d506&dest=https%3a%2f%2fwww.sainsburys.co.uk%2fshop%2fgb%2fgroceries%2fgarnier-summer-body--light-400ml#reviews" >
                <img src="//www.sainsburys.co.uk/wcsstore7.28.113/SainsburysStorefrontAssetStore/img/stars/rating-5_0.gif" alt="5.0" border="0"/>&nbsp; 
                Reviews (1)
            </a>
        
    </div>
<!-- END CatalogEntryRatingsReviewsInfo.jspf -->
                                   </div>
                               <!-- Start AddToSubscriptionList.jspf --><!-- Start AddToSubscriptionList.jsp --><!-- End AddToSubscriptionList.jsp --><!-- End AddToSubscriptionList.jspf -->     
                    </div>
                            
                    
                </div>     
            </div>
            <!--ThumbnailRestriction --><!-- END CatalogEntryThumbnailDisplay.jsp -->
	              </li>
	              

	               <li class="gridItem   ">  
	                   <!-- BEGIN CatalogEntryThumbnailDisplay.jsp -->
            <div class="product  hl-product hookLogic  highlighted specialOffer"
                onView-beacon=//b.hlserve.com/beacon?fid=425&hl_qs=jvaKtwU%2bWK83JGRCYbfQjzynshNXFBSws124ZgXYC4auU97DgQfjz7rVvgBc4rGGqjD8Txjavn4rnQywC4Io2RpW8qcEWDx0sqv00qQN2TZpDilJS1aRHmMaPD2I4pyCAThf%2by4FD60CJH%2bD4mnf33sReINaUcf3hyy%2bHAZPrw2kXKYXPOFWxiFzYxsi0%2foF%2fHusGgjdDI3GJYwieHLsO6LAWUbi5gVZ9c%2fTyj8GlJlbwrjMQTQ5w%2bMrQ5Pr%2fAC37UUdmQis1K0fc1XiaYKF6lxLZ1NAeG1cDPaAAFtGXNqK5bIrkeHU%2bIXxlSjy1%2be9%2fL%2bueqS8vuxXpD%2fV2%2b%2b6%2fE5OGFnb66tmeACxf3jREILx6KlP4qNok5DKp0HZWdyNeKRwXgXrowwjCbzTD6qETyr4LXqJOQUwrvWKxCadqJgZzurT7EZ6NQpNn8poayqRQvH0X%2bFhmz2OXuVd70bNUxew2y6cimEmolmP8umjSw94HGv5t9BnS7ONuZhQAOmS4qKqhgPvN82qWM7j%2fcT9suuqR0LVL1sWmhju2YCHBtvJNNUNBmQ541UePZaopn2JapTpx8Ltcr%2bkIWaiaGLXgqn8EpGGNCx3E1td4JQ5kcIpTpdHE22vHnYQ5dULYB%2brqSnceLVMhTvt6R6VSlUh8VhdIPOIG69w0ebXHS%2byP%2fHYO3E5r9F4XLPJcH%2bo%2bPBU0btmP7UYqz26PTI9nchJT6LCH151d8EBk234LY2W%2fLo%2fAj5yDgIzgzMnfRqPec8WarkCRKrI8%2bIhlLGndV%2fTNf0EcBFzfgg%2bhGj9gGQgatQxlXdSekWFGACFrFwy6gq4tAqSmyq95pMdCfMdhuZ4HlaobD9I%2boRJ%2fpzVvmHNGrKmGZrqZ5xGX4rGFlHOgTp9PK2izHtKM6Jatcb7V0hfld6IVgehmFp2Xqxs3K%2bxHfWZaTfH6jZIIVlf2aowMmiEgiYhojsFIulvV%2bxSXk%2baoGERRx9xWcmbWZpH3kjSQ4JjjePMiWBBUUB2MllGlaPlOLe6%2fes%2b7orOcWyJ96zagMVvFG9cw0WNzq97vtisHKDlRAeAO6IpTv6egNC%2fPBXrSO9Y%2fsuGegut%2bf5AXscpJLqn1T00ExFQgGZl%2fhgV6C2MGdm%2f5dSx66NtyO0bUz%2bhgTunjpoD5dk8BcoukjggIxYp9sYRGfqf%2bgOhlQL7HZudD1j5x%2b92QI62zDAU9efMUmtdHBOhNL4cdH0u8h73%2fjf101ckpzmDsNGkW1V%2fZDLhC0zJJQm%2b2ldLPZLhDQCGap%2fL3yDISp76On9NM41j%2fA%3d%3d&ev=1&action=imp&pageguid=7fd21a78-df24-4f9c-8296-72c2e63b9f2f&pid=9f22ec18-88e0-49d3-b0d0-b6ef139b7c97&rn=978878948&hmguid=5fa0921e-aa09-4668-a150-cb4b4737d506"
                >
                
                
<wcbase:useBean id="sdb" classname="com.ibm.commerce.common.beans.StoreDataBean" scope="request" />
     
                <div class="productInfo">
                    <div class="productNameAndPromotions">
                        
                                  <h3>
                                    <a href="//cat.hlserve.com/beacon?fid=425&hl_qs=jvaKtwU%2bWK83JGRCYbfQjzynshNXFBSws124ZgXYC4auU97DgQfjz7rVvgBc4rGGqjD8Txjavn4rnQywC4Io2RpW8qcEWDx0sqv00qQN2TZpDilJS1aRHmMaPD2I4pyCAThf%2by4FD60CJH%2bD4mnf33sReINaUcf3hyy%2bHAZPrw2kXKYXPOFWxiFzYxsi0%2foF%2fHusGgjdDI3GJYwieHLsO5jXtvxYprDzauWuANRuHTuWOUeVldRyX0vFXFkFB7ZGFNuJOnk8ji131tE6s8yk%2fYmLwuREl%2bvWG4MXnaME5H%2fZyDvmrX2s11PEFA%2fkWqC3yzQTPiyaTSM4DqCpSRiY%2fv137KyjGHhMYh%2bW%2bD7u4JrPLAX7R4PjqNP2ZvGoaYpDIkVDRz%2bwb%2fXcoRfNiBa35E9chyEqx9zkhubgdQWwU%2bYigL4g5ZY8J1xp9a5NCZBeIFp%2fVAmkxhYUerGXgndaEzY04sYUeeCkqSqegwuOlA%2fYm7yuNbZP0WZ8RaszPSvr0YfYLY7T7qaWJOobjNyahcJC2m4gSGBKL3pXlLhi8xZ1WjjhtmP1RbH%2bj%2bOW9FnGVNBs%2b1KyBwvpMFslKZwG8R75ijryAmssCjFs9P%2bIRNOzMzoU9a7ms8IXvEC40mnsnR%2fiSOcrCEDZmFl%2b99Nve2YFNppAn%2fUtniUGTe6jLkx3M9d%2b%2fQl%2faZFh6%2bTSPesDPtRTEc9%2fVV3nqV%2ftkNEcxqoZ7ehKbUp5mK3Z9OCdi6qr3GUvi7XvrnIiaTvSrfTIqtAf8Dh5jHRIFONSMtFZDNkHJ1u5t%2fSC8XFwlkhD4shrpRNVxThPVUAum%2fXWU6mYHYYXZRIazblRTy%2b3NZXnNRSnTBUpsTz6zLMCtTwR2HChpP8rLGrzoPFYc%2fXbsXi9f97DYz1J1CBd4N9%2f%2bGYZ9JYpA%2flXiZUfQVQZf2P8CqYNBn1olewWfXN0rUA0v%2bd8kaZ47CTw4EGfc1GARONUKjXBGFwPpEI8aHY2lfHx7YetBTt4NL9f557TMKgwOkCVzxsOOg1F7fbvJyYQKoopp1LYg993Xa05VGOiss8d9%2f%2bnAuTRnHqisQlRAD9CKU%2bM7R91%2bzKaP%2b3cB1wdlxe9JRgEC5m5EW%2bAMC4%2foD7kyuHKPLJOLnJ0XJU4QLiNyleeCnkXv5Q8Kz8Dfn%2bsHso55ZrjjBEKlSetHxgVLByShfZsJtFh09EoGlIGch4W%2b3QN&ev=1&action=click&impressionpid=9f22ec18-88e0-49d3-b0d0-b6ef139b7c97&rn=704270158&hmguid=5fa0921e-aa09-4668-a150-cb4b4737d506&dest=https%3a%2f%2fwww.sainsburys.co.uk%2fshop%2fgb%2fgroceries%2foral-b-vitality-plus-toothbrush" >
                                        Oral-B Vitality Plus Cross Action Electric Rechargeable Toothbrush
                                        <img src="//www.sainsburys.co.uk/wcsstore7.28.113/ExtendedSitesCatalogAssetStore/images/catalog/productImages/59/4210201123859/4210201123859_L.jpeg" alt="" />
                                    </a>
                                </h3>
                              
    <div class="promotion">
                   
		            <p><a href="//cat.hlserve.com/beacon?fid=425&hl_qs=jvaKtwU%2bWK83JGRCYbfQjzynshNXFBSws124ZgXYC4auU97DgQfjz7rVvgBc4rGGqjD8Txjavn4rnQywC4Io2RpW8qcEWDx0sqv00qQN2TZpDilJS1aRHmMaPD2I4pyCAThf%2by4FD60CJH%2bD4mnf33sReINaUcf3hyy%2bHAZPrw2kXKYXPOFWxiFzYxsi0%2foF%2fHusGgjdDI3GJYwieHLsO5jXtvxYprDzauWuANRuHTuWOUeVldRyX0vFXFkFB7ZGFNuJOnk8ji131tE6s8yk%2fYmLwuREl%2bvWG4MXnaME5H%2fZyDvmrX2s11PEFA%2fkWqC3yzQTPiyaTSM4DqCpSRiY%2fv137KyjGHhMYh%2bW%2bD7u4JrPLAX7R4PjqNP2ZvGoaYpDIkVDRz%2bwb%2fXcoRfNiBa35E9chyEqx9zkhubgdQWwU%2bYigL4g5ZY8J1xp9a5NCZBeIFp%2fVAmkxhYUerGXgndaEzY04sYUeeCkqSqegwuOlA%2fYm7yuNbZP0WZ8RaszPSvr0YfYLY7T7qaWJOobjNyahcJC2m4gSGBKL3pXlLhi8xZ1WjjhtmP1RbH%2bj%2bOW9FnGVNBs%2b1KyBwvpMFslKZwG8YVbysY9tr%2fQF0GqujqlHkcqaWLgTgJhx4V9hx9TUcojx9tN6QAaj4%2f6ArWMVn%2fKViZTz1UHQ1k36EgQqM9hMjNP8nUKSC2O5%2f6Xl%2fDv3GEtou7ZjHOxQxc9YFWfJLX9DrXXhY4O6VVhPJ0NExpL2B4MQMEKNdZVUuBJcCkE0VY3KV2ztCSEnWdXEN1V8QJgZb7KkqmXC7hb%2f%2b%2f9kCyB3BS9EDEeVCWsNL%2bskH9q%2bLPcAVrSiyILQsgogD7Z1yA%2b5f3vZDO5yyZ8YGutG7PeGFHqklOi7eOxpsd0aF8Gq9ioymsZFwnWkFEvfvfMstfl%2bcBGrB%2b2Zr6MZyZhFs%2fSMiGjj5EBtAfG3K%2bztu5Uvs7SKt2GuxdGrCUVN2sX%2fihWTwh%2b2Wc3TyXtI4n0TW1aO9P9llqfDZdGv8MzMezK2zx9mOYy5N5rpdqp9z07i5WtgYBNNONExjcc5s7q9xli6h3SvfR8RWdS18FI9jERL69HJWhB5wY47l7ILPc1xF657GKkVNhrlHz3iwYbVs%2fZuCafy8emZsh780ag5fjXs3mODt%2ftdGlyZ3r%2f5hjj26frXnBWkG38IMCjr2bmq4pV1EWAQ%2fGOiJLrcUxrFfkEqxkh&ev=1&action=click&impressionpid=9f22ec18-88e0-49d3-b0d0-b6ef139b7c97&rn=1521982316&hmguid=5fa0921e-aa09-4668-a150-cb4b4737d506&dest=https%3A%2F%2Fwww.sainsburys.co.uk%2Fshop%2FPromotionDisplayView%3FcatalogId%3D10123%26langId%3D44%26productId%3D958336%26storeId%3D10151%26promotionId%3D10310250"><!-- BEGIN include/PromotionStrapline.jspf -->Only Â£20.00: Save Â£10.00<br/>

<!-- FINISH include/PromotionStrapline.jspf -->
		            </a></p>
		                        
    </div>

                    </div> 
                </div>
                
            <div class="strapline">
                <a href="//cat.hlserve.com/beacon?fid=425&hl_qs=jvaKtwU%2bWK83JGRCYbfQjzynshNXFBSws124ZgXYC4auU97DgQfjz7rVvgBc4rGGqjD8Txjavn4rnQywC4Io2RpW8qcEWDx0sqv00qQN2TZpDilJS1aRHmMaPD2I4pyCAThf%2by4FD60CJH%2bD4mnf33sReINaUcf3hyy%2bHAZPrw2kXKYXPOFWxiFzYxsi0%2foF%2fHusGgjdDI3GJYwieHLsO5jXtvxYprDzauWuANRuHTuWOUeVldRyX0vFXFkFB7ZGFNuJOnk8ji131tE6s8yk%2fYmLwuREl%2bvWG4MXnaME5H%2fZyDvmrX2s11PEFA%2fkWqC3yzQTPiyaTSM4DqCpSRiY%2fv137KyjGHhMYh%2bW%2bD7u4JrPLAX7R4PjqNP2ZvGoaYpDIkVDRz%2bwb%2fXcoRfNiBa35E9chyEqx9zkhubgdQWwU%2bYigL4g5ZY8J1xp9a5NCZBeIFp%2fVAmkxhYUerGXgndaEzY04sYUeeCkqSqegwuOlA%2fYm7yuNbZP0WZ8RaszPSvr0YfYLY7T7qaWJOobjNyahcJC2m4gSGBKL3pXlLhi8xZ1WjjhtmP1RbH%2bj%2bOW9FnGVNBs%2b1KyBwvpMFslKZwG8YVbysY9tr%2fQF0GqujqlHkcqaWLgTgJhx4V9hx9TUcojx9tN6QAaj4%2f6ArWMVn%2fKViZTz1UHQ1k36EgQqM9hMjNP8nUKSC2O5%2f6Xl%2fDv3GEtou7ZjHOxQxc9YFWfJLX9DrXXhY4O6VVhPJ0NExpL2B4MQMEKNdZVUuBJcCkE0VY3KV2ztCSEnWdXEN1V8QJgZb7KkqmXC7hb%2f%2b%2f9kCyB3BS9EDEeVCWsNL%2bskH9q%2bLPcAVrSiyILQsgogD7Z1yA%2b5f3vZDO5yyZ8YGutG7PeGFHqklOi7eOxpsd0aF8Gq9ioymsZFwnWkFEvfvfMstfl%2bcBGrB%2b2Zr6MZyZhFs%2fSMiGjj5EBtAfG3K%2bztu5Uvs7SKt2GuxdGrCUVN2sX%2fihWTwh%2b2Wc3TyXtI4n0TW1aO9P9llqfDZdGv8MzMezK2zx9mOYy5N5rpdqp9z07i5WtgYBNNONExjcc5s7q9xli6h3SvfR8RWdS18FI9jERL69HJWhB5wY47l7ILPc1xF657GKkVNhrlHz3iwYbVs%2fZuCafy8emZsh780ag5fjXs3mODt%2ftdGlyZ3r%2f5hjj26frXnBWkG38IMCjr2bmq4pV1EWAQ%2fGOiJLrcUxrFfkEqxkh&ev=1&action=click&impressionpid=9f22ec18-88e0-49d3-b0d0-b6ef139b7c97&rn=1521982316&hmguid=5fa0921e-aa09-4668-a150-cb4b4737d506&dest=https%3A%2F%2Fwww.sainsburys.co.uk%2Fshop%2FPromotionDisplayView%3FcatalogId%3D10123%26langId%3D44%26productId%3D958336%26storeId%3D10151%26promotionId%3D10310250"><img src="/wcsstore7.28.113/SainsburysStorefrontAssetStore/wcassets/icons/special/img-special-offer.png" alt="Special Offer" />
                </a>
            </div>
          
                <div class="errorBanner hidden" id="error958337"></div>
                <div class="addToTrolleytabBox">   
                    <!--addToTrolleytabBox GRID VIEW --><!-- Start UserSubscribedOrNot.jspf --><!-- Start UserSubscribedOrNot.jsp --><!-- 
			If the user is not logged in, render this opening 
			DIV adding an addtional class to fix the border top which is removed 
			and replaced by the tabs
		-->
		<div class="addToTrolleytabContainer addItemBorderTop">
	<!-- End AddToSubscriptionList.jsp --><!-- End AddSubscriptionList.jspf --><!-- 
                    ATTENTION!!!
                    <div class="addToTrolleytabContainer">
                    This opening div is inside "../../ReusableObjects/UserSubscribedOrNot.jsp"
                    -->
                    <div class="pricingAndTrolleyOptions">
                        
                                    <div class="priceTab priceTabContainer activeContainer addItem" id="addItem_958337">
                                       <div class="pricing">
                                           
	<p class="pricePerUnit">
    Â£20.00<abbr title="per">/</abbr><abbr title="unit"><span class="pricePerUnitUnit">unit</span></abbr>
</p>
 
    <p class="pricePerMeasure">Â£20.00<abbr 
            title="per">/</abbr><abbr 
            title="each"><span class="pricePerMeasureMeasure">ea</span></abbr>
    </p>

                                       </div>                                      

                                     
                                        <div class="addToTrolleyForm "> 
                                           <!-- BEGIN AddToTrolley.jsp --><!-- fire an on add to bag here from true -->
		
		<form class="addToTrolleyForm" name="OrderItemAddForm_958337" action="OrderItemAdd" method="post" id="OrderItemAddForm_958337" class="addToTrolleyForm">
		    <input type="hidden" name="storeId" value="10151"/>
		    <input type="hidden" name="langId" value="44"/>
		    <input type="hidden" name="catalogId" value="10123"/>
		    
		    
                <input type="hidden" name="hookLogicOnClickUrl" value="//cat.hlserve.com/beacon?fid=425&hl_qs=jvaKtwU%2bWK83JGRCYbfQjzynshNXFBSws124ZgXYC4auU97DgQfjz7rVvgBc4rGGqjD8Txjavn4rnQywC4Io2RpW8qcEWDx0sqv00qQN2TZpDilJS1aRHmMaPD2I4pyCAThf%2by4FD60CJH%2bD4mnf33sReINaUcf3hyy%2bHAZPrw2kXKYXPOFWxiFzYxsi0%2foF%2fHusGgjdDI3GJYwieHLsO5jXtvxYprDzauWuANRuHTuWOUeVldRyX0vFXFkFB7ZGFNuJOnk8ji131tE6s8yk%2fYmLwuREl%2bvWG4MXnaME5H%2fZyDvmrX2s11PEFA%2fkWqC3yzQTPiyaTSM4DqCpSRiY%2fv137KyjGHhMYh%2bW%2bD7u4JrPLAX7R4PjqNP2ZvGoaYpDIkVDRz%2bwb%2fXcoRfNiBa35E9chyEqx9zkhubgdQWwU%2bYigL4g5ZY8J1xp9a5NCZBeIFp%2fVAmkxhYUerGXgndaEzY04sYUeeCkqSqegwuOlA%2fYm7yuNbZP0WZ8RaszPSvr0YfYLY7T7qaWJOobjNyahcJC2m4gSGBKL3pXlLhi8xZ1WjjhtmP1RbH%2bj%2bOW9FnGVNBs%2b1KyBwvpMFslKZwG8YVbysY9tr%2fQF0GqujqlHkcqaWLgTgJhx4V9hx9TUcojx9tN6QAaj4%2f6ArWMVn%2fKViZTz1UHQ1k36EgQqM9hMjNP8nUKSC2O5%2f6Xl%2fDv3GEtou7ZjHOxQxc9YFWfJLX9DrXXhY4O6VVhPJ0NExpL2B4MQMEKNdZVUuBJcCkE0VY3KV2ztCSEnWdXEN1V8QJgZb7KkqmXC7hb%2f%2b%2f9kCyB3BS9EDEeVCWsNL%2bskH9q%2bLPcAVrSiyILQsgogD7Z1yA%2b5f3vZDO5yyZ8YGutG7PeGFHqklOi7eOxpsd0aF8Gq9ioymsZFwnWkFEvfvfMstfl%2bcBGrB%2b2Zr6MZyZhFs%2fSMiGjj5EBtAfG3K%2bztu5Uvs7SKt2GuxdGrCUVN2sX%2fihWTwh%2b2Wc3TyXtI4n0TW1aO9P9llqfDZdGv8MzMezK2zx9mOYy5N5rpdqp9z07i5WtgYBNNONExjcc5s7q9xli6h3SvfR8RWdS18FI9jERL69HJWhB5wY47l7ILPc1xF657GKkVNhrlHz3iwYbVs%2fZuCafy8emZsh780ag5fjXs3mODt%2ftdGlyZ3r%2f5hjj26frXnBWkG38IMCjr2bmq4pV1EWAQ%2fGOiJLrcUxrFfkEqxkh&ev=1&action=click&impressionpid=9f22ec18-88e0-49d3-b0d0-b6ef139b7c97&rn=1521982316&hmguid=5fa0921e-aa09-4668-a150-cb4b4737d506"/>
            
		    <input type="hidden" name="errorViewName" value="CategoryDisplayView"/>
		    <input type="hidden" name="SKU_ID" value="7771431"/>
		    <input type="hidden" name="itemType" value=""/>
		    
		    
	           <input type="hidden" name="ItemSKU_ID" value="7771431"/>
	        
		        <label class="access" for="quantity_958336">Quantity</label>
		        
					<input name="quantity"  id="quantity_958336" type="text" size="3" value="1" class="quantity"   />
				
                    <input type="hidden" name="catEntryId" value="958337"/>
                

		        <input type="hidden" name="productId" value="958336"/>
		        
		
		    <input type="hidden" name="URL" value="https://www.sainsburys.co.uk/webapp/wcs/stores/servlet/CategoryDisplay?langId=44&amp;storeId=10151&amp;krypto=D32KOcKfYA4Hvwso0i753dr1iIhAu0csku86SmELgEaQR9P8v2A2%2BPZCDQQrPknP4Jh5LpA5Os8C3TablW9eBLENLKFCZpf1CNYh6SDvSCqy9lZtSpAyelxddGfuzkoi8%2BSG2DgbdPE7xxt%2FzuYP88giPluAtHbXE1k%2Fds2ZCyc%3D&amp;ddkey=https%3Agb%2Fgroceries%2Ffruit-veg%2Fberries-cherries-currants"/>
		    <input type="hidden" name="page" value=""/>
		    <input type="hidden" name="contractId" value=""/>
		    <input type="hidden" name="calculateOrder" value="1"/>
		    <input type="hidden" name="calculationUsage" value="-1,-2,-3"/>
		    <input type="hidden" name="updateable" value="1"/>
		    <input type="hidden" name="merge" value="***"/>
		     
		   	<input type="hidden" name="callAjax" value="false"/>
		   	
		    
		        <input class="button process"  type="submit" name="Add" value="Add" />
			


		</form>
	<!-- END AddToTrolley.jsp -->
        <div class="numberInTrolley hidden numberInTrolley_958336" id="numberInTrolley_958336">
            
        </div>
    
                                        </div>

                                        <!-- BEGIN CatalogEntryRatingsReviewsInfo.jspf --><!-- productAllowedRatingsAndReviews: true -->
    <div class="reviews">
        
            <a class="numberOfReviews" href="//cat.hlserve.com/beacon?fid=425&hl_qs=jvaKtwU%2bWK83JGRCYbfQjzynshNXFBSws124ZgXYC4auU97DgQfjz7rVvgBc4rGGqjD8Txjavn4rnQywC4Io2RpW8qcEWDx0sqv00qQN2TZpDilJS1aRHmMaPD2I4pyCAThf%2by4FD60CJH%2bD4mnf33sReINaUcf3hyy%2bHAZPrw2kXKYXPOFWxiFzYxsi0%2foF%2fHusGgjdDI3GJYwieHLsO5jXtvxYprDzauWuANRuHTuWOUeVldRyX0vFXFkFB7ZGFNuJOnk8ji131tE6s8yk%2fYmLwuREl%2bvWG4MXnaME5H%2fZyDvmrX2s11PEFA%2fkWqC3yzQTPiyaTSM4DqCpSRiY%2fv137KyjGHhMYh%2bW%2bD7u4JrPLAX7R4PjqNP2ZvGoaYpDIkVDRz%2bwb%2fXcoRfNiBa35E9chyEqx9zkhubgdQWwU%2bYigL4g5ZY8J1xp9a5NCZBeIFp%2fVAmkxhYUerGXgndaEzY04sYUeeCkqSqegwuOlA%2fYm7yuNbZP0WZ8RaszPSvr0YfYLY7T7qaWJOobjNyahcJC2m4gSGBKL3pXlLhi8xZ1WjjhtmP1RbH%2bj%2bOW9FnGVNBs%2b1KyBwvpMFslKZwG8R75ijryAmssCjFs9P%2bIRNOzMzoU9a7ms8IXvEC40mnsnR%2fiSOcrCEDZmFl%2b99Nve2YFNppAn%2fUtniUGTe6jLkx3M9d%2b%2fQl%2faZFh6%2bTSPesDPtRTEc9%2fVV3nqV%2ftkNEcxqoZ7ehKbUp5mK3Z9OCdi6qr3GUvi7XvrnIiaTvSrfTIqtAf8Dh5jHRIFONSMtFZDNkHJ1u5t%2fSC8XFwlkhD4shrpRNVxThPVUAum%2fXWU6mYHYYXZRIazblRTy%2b3NZXnNRSnTBUpsTz6zLMCtTwR2HChpP8rLGrzoPFYc%2fXbsXi9f97DYz1J1CBd4N9%2f%2bGYZ9JYpA%2flXiZUfQVQZf2P8CqYNBn1olewWfXN0rUA0v%2bd8kaZ47CTw4EGfc1GARONUKjXBGFwPpEI8aHY2lfHx7YetBTt4NL9f557TMKgwOkCVzxsOOg1F7fbvJyYQKoopp1LYg993Xa05VGOiss8d9%2f%2bnAuTRnHqisQlRAD9CKU%2bM7R91%2bzKaP%2b3cB1wdlxe9JRgEC5m5EW%2bAMC4%2foD7kyuHKPLJOLnJ0XJU4QLiNyleeCnkXv5Q8Kz8Dfn%2bsHso55ZrjjBEKlSetHxgVLByShfZsJtFh09EoGlIGch4W%2b3QN&ev=1&action=click&impressionpid=9f22ec18-88e0-49d3-b0d0-b6ef139b7c97&rn=704270158&hmguid=5fa0921e-aa09-4668-a150-cb4b4737d506&dest=https%3a%2f%2fwww.sainsburys.co.uk%2fshop%2fgb%2fgroceries%2foral-b-vitality-plus-toothbrush#reviews" >
                <img src="//www.sainsburys.co.uk/wcsstore7.28.113/SainsburysStorefrontAssetStore/img/stars/rating-4_7.gif" alt="4.7407" border="0"/>&nbsp; 
                Reviews (27)
            </a>
        
    </div>
<!-- END CatalogEntryRatingsReviewsInfo.jspf -->
                                   </div>
                               <!-- Start AddToSubscriptionList.jspf --><!-- Start AddToSubscriptionList.jsp --><!-- End AddToSubscriptionList.jsp --><!-- End AddToSubscriptionList.jspf -->     
                    </div>
                            
                    
                </div>     
            </div>
            <!--ThumbnailRestriction --><!-- END CatalogEntryThumbnailDisplay.jsp -->
	              </li>
	              

	               <li class="gridItem   ">  
	                   <!-- BEGIN CatalogEntryThumbnailDisplay.jsp -->
            <div class="product  hl-product hookLogic  highlighted specialOffer"
                onView-beacon=//b.hlserve.com/beacon?fid=425&hl_qs=jvaKtwU%2bWK83JGRCYbfQjzynshNXFBSws124ZgXYC4boD4xkolwnL9DzU%2fveJEMYhUu0ZT4%2bVmVSr3dD6CInYPHEtlBtgJ8hrRZ12du9B3Bh0Al4TvXeKAiW7PTnFzNwkXjmzbpYlplm9nXlj1CWDeKf0%2fkOFE5QTTTZ0N7c8En1lMjnnZlQG3V1J82vT%2fUy19SNjUwD3dgA18Y9YkQvHyFjb8shkrW8ixlkg%2fkS97UPWR3e2ZlIdMK0edfatdbU2%2fG5Yad705NHzjruuB64bv7%2fh7VD01F7AlNm8sLTo6NKzsZ5f9%2fwhrZcQ4lnzDPk8CSbeqyFKuUBc5O7hwbv%2fkkaSBoWiQfn9LdyC43ANX%2bECxEXWv1LVKxXV3aHpnqIrZUj4QkC3joNwOGAie9pO8zCt1UZuFu5S0cWmiKWKpN7VigrZ28B1BAUspkzDNJf45iYyakKj7SPjkyTOZitC%2bgWZWXAXgOJ6j0QZc%2b%2f6ebq1YkqJ7GcelMo4HLOoUZlt9P5dDGn3NzcY6xO5OVFDZJ573wmB2SLiyIfj36jEbyszW8YOFyPgOc4o5Vp%2bzuTN6XdlkIV7mNqxqoDBJnKsIY7VXMuZ4ReXSwDu%2f0xkTOQ%2b%2b7jMCwbXB9PVjnA1Az7l66hUT%2bYUgD1bE%2fC7nlDIFoLgGwQEluFNElmEjUiNX8WQ8ZL%2bHNALRUsE%2fHEpAqHxGwNTJGE8fuvafc2EFtgnW%2fQGN9FMCPbQPBIX%2b5is8ZEVk3ubbdKk1bVDM42Xh2%2bKkw6Nzliq8F%2fu3lRKoW5vSVfH7T%2b7j4go0W6nuXJq0ugY27SKMMASybr5200WmnrffU%2blW3kOnT1o9hvLtH%2bLN3jyZmkKk7T4AfHX43fvoRNwoo43qKLAJYh7Iidz9DU2wK821m3lTVcGAKW7G9HHWbiyPWPhqS1e17ZuVitDT47q%2bNKyConPsyF5ILixF5Fo9FdPB5sOJZw%2bkjTSUTM9SORzEhtjtu2mmRfrkkWyll1VCB01pjT5kECLPDKZAV9%2fGPRNOocu2arWsLhAeaLU%2ftGO3eZxAZHCeIa2Cd3Nw92tcpAkCa%2bmpHBcgpzvvOpcbES3WP6wWmWvJK1GOugJipjscZxnT6W%2b9vZ6QdcnhRBTUu2mH0zitUJjdKrJ%2fufbMrUjn67ECKUQ%2fE7CjsBqKXJgcOVhTFv1vILeIbp1aceYh6vn4EC3LeWSGgjYR1gCXch7ZV7ePdMQJ%2fdaETcxt8m9RZ4Ipisx6jzfG0xD%2fxeaxy5%2bawcJGb8h7XBatSN7hi5eF5ylrQxvsAoBYiU%2bw%3d%3d&ev=1&action=imp&pageguid=7fd21a78-df24-4f9c-8296-72c2e63b9f2f&pid=71d5d7ed-cba8-4734-9e90-8333264ad48e&rn=1046178937&hmguid=5fa0921e-aa09-4668-a150-cb4b4737d506"
                >
                
                
<wcbase:useBean id="sdb" classname="com.ibm.commerce.common.beans.StoreDataBean" scope="request" />
     
                <div class="productInfo">
                    <div class="productNameAndPromotions">
                        
                                  <h3>
                                    <a href="//cat.hlserve.com/beacon?fid=425&hl_qs=jvaKtwU%2bWK83JGRCYbfQjzynshNXFBSws124ZgXYC4boD4xkolwnL9DzU%2fveJEMYhUu0ZT4%2bVmVSr3dD6CInYPHEtlBtgJ8hrRZ12du9B3Bh0Al4TvXeKAiW7PTnFzNwkXjmzbpYlplm9nXlj1CWDeKf0%2fkOFE5QTTTZ0N7c8En1lMjnnZlQG3V1J82vT%2fUy19SNjUwD3dgA18Y9YkQvH5pYc4DQOmVgjbT9abrz%2f15usJ4ypo3f1IACLjecwprsBNAmEhMZZnR6x3dwk%2binNzIENhBRfD%2fU9SC2dkfzP9%2f7HUOPV6c6VpIaASa921%2fQuqXkQkbaZkonqs5lNVPaH%2bb6ala0SzWRUaDLTGZephnn5MN5rtk7Tl6mJWBdU%2frQ%2bh1zlNqYokQ6w07cWWS1V4vOz0vSSOmxIT7El%2fcxfFm7epg06xJDWSW0KlTnCVb5QiN4DTGEblKyQtDWT3iMsx71l159%2bK%2bR9Kjzz%2bmydFZ%2buesWYLlns8M6qgoE55Xdfu%2fIrsfrNCFh%2fesD%2bGndi8i60KwCcQVkdJpImDIHLXYYr3e%2bLd1kYmsBptlUDatI4bEfobPaS9kVhWuxBMW2bHX9Txs8sPt5AxQ23XB5xdDqfCU8un2Fn2l1y3p36eGpe5n0KSugHv81uedO12Fs851omSFxcp5ZKVQThZX9WDhcKsyRgrV3qPPAUK0UVhI5SZ7FWLAXmrzbBX1mL6d2C06XKgm0Jjn1ZDVJ%2bAQSYW4rrDIq%2fmtBLoHXOkdcbR9bLkyB5ExokxkEeja5ko0iTZ6To5FcwXIxxkT8jq3LtbcRJ7cndz970oM0sU6IreoGyyNrUJBnaX9y0bcSqNtHC%2frZcWwelLns%2bEa8q0Ls73xf51UvHgvNObb4auVFBZ04Cvj%2bEbD8%2bOMLJu0vW%2fGrEUwtSnYJHCY6zB0w9n67y9ZtJ0jxN4%2fnTvzM8Goji3Faw7pU%2f%2byF6052q6AZ5w6p8%2bPUZQG8GbT6Ewo4exnJPMH4MM3cuuQ1hQWBJ5v5jdAu5OOH0%2bvqLCDy52IDRuKZ%2fga9j6D%2f294yyr5a%2bwEK%2bmP4HUnKW3DhCFf9ciLOL4%2bMNBGR8NEBjbJ73PdQg44FUdnRbMh4pn0z%2bCfu7SlBba8YGPA8x2UH0n7UqUih8Wobe%2bCLb8z%2bGmoP%2f%2bB5moFrSM3Hob1ytr7xy8hI8EnE3zz1g%2b1bheu5pR4uGqbSuqit&ev=1&action=click&impressionpid=71d5d7ed-cba8-4734-9e90-8333264ad48e&rn=1922541137&hmguid=5fa0921e-aa09-4668-a150-cb4b4737d506&dest=https%3a%2f%2fwww.sainsburys.co.uk%2fshop%2fgb%2fgroceries%2fsmirnoff-vodka--red-label-70cl" >
                                        Smirnoff Red Label Vodka 70cl
                                        <img src="//www.sainsburys.co.uk/wcsstore7.28.113/ExtendedSitesCatalogAssetStore/images/catalog/productImages/18/5410316671118/5410316671118_L.jpeg" alt="" />
                                    </a>
                                </h3>
                              
    <div class="promotion">
                   
		            <p><a href="//cat.hlserve.com/beacon?fid=425&hl_qs=jvaKtwU%2bWK83JGRCYbfQjzynshNXFBSws124ZgXYC4boD4xkolwnL9DzU%2fveJEMYhUu0ZT4%2bVmVSr3dD6CInYPHEtlBtgJ8hrRZ12du9B3Bh0Al4TvXeKAiW7PTnFzNwkXjmzbpYlplm9nXlj1CWDeKf0%2fkOFE5QTTTZ0N7c8En1lMjnnZlQG3V1J82vT%2fUy19SNjUwD3dgA18Y9YkQvH5pYc4DQOmVgjbT9abrz%2f15usJ4ypo3f1IACLjecwprsBNAmEhMZZnR6x3dwk%2binNzIENhBRfD%2fU9SC2dkfzP9%2f7HUOPV6c6VpIaASa921%2fQuqXkQkbaZkonqs5lNVPaH%2bb6ala0SzWRUaDLTGZephnn5MN5rtk7Tl6mJWBdU%2frQ%2bh1zlNqYokQ6w07cWWS1V4vOz0vSSOmxIT7El%2fcxfFm7epg06xJDWSW0KlTnCVb5QiN4DTGEblKyQtDWT3iMsx71l159%2bK%2bR9Kjzz%2bmydFZ%2buesWYLlns8M6qgoE55Xdfu%2fIrsfrNCFh%2fesD%2bGndi8i60KwCcQVkdJpImDIHLXYYr3e%2bLd1kYmsBptlUDatI4bEfobPaS9kVhWuxBMW2bFj4nN2SaNxwHf0ueHQDC92E8i3Fc0bXzimJr7Sga65z%2fSTOem6tSYikVaNQK82PAAdtf7iXIW%2bXbrOcBna3HeiK1CrgkXuq7nroARl6A1jLy6qLDQHwEE675QEPbPmdxxcXf86s96LRXvU8gsoxpJeAd8M3L8ciFXgpv3yu6AjsgLpUWb2Ws2LSul6jKuMJZ8PKa5RaeOCssetSLHWAbcvUHLukllZcPUgTap2kj7p3QAaTYWhRCjwiLyhmS9NTPtcO5eagripUNMK74zsbDe59bZshgvMMpLlvmCVzqURKDBKhjTEJLBnHjeIz4VnSAY68cYbSx0AGpOByypAQPokiUXBDX4H5puyHH%2bod0qMdTKeY%2fMDfAqX0wAO6e6j4tm0eDKUsyljn4Up9LhTLD5t7ePX60obSrui%2fT2EXwIKHSFKeW9A%2fOshHSrMG9MEL4CjapPSywQkN1SuIIiuyLXz5cf%2fQAGx6LYnSFJR5EZAeyiAE9xEwm0ciqu4yiJosKAa82eKAcuClATAYL7a70jPleR4WqLv5B2kKe2N%2f2qZC%2b6JKRfW%2b%2fB2uRlrTvQFF72oxxqjHwCWI4A1FoziEF3dusUR3nSAPTsofSML4%2fTzl&ev=1&action=click&impressionpid=71d5d7ed-cba8-4734-9e90-8333264ad48e&rn=297083235&hmguid=5fa0921e-aa09-4668-a150-cb4b4737d506&dest=https%3A%2F%2Fwww.sainsburys.co.uk%2Fshop%2FPromotionDisplayView%3FcatalogId%3D10123%26langId%3D44%26productId%3D17834%26storeId%3D10151%26promotionId%3D10311721"><!-- BEGIN include/PromotionStrapline.jspf -->Only Â£14.00: Save Â£2.00<br/>

<!-- FINISH include/PromotionStrapline.jspf -->
		            </a></p>
		                        
    </div>

                    </div> 
                </div>
                
            <div class="strapline">
                <a href="//cat.hlserve.com/beacon?fid=425&hl_qs=jvaKtwU%2bWK83JGRCYbfQjzynshNXFBSws124ZgXYC4boD4xkolwnL9DzU%2fveJEMYhUu0ZT4%2bVmVSr3dD6CInYPHEtlBtgJ8hrRZ12du9B3Bh0Al4TvXeKAiW7PTnFzNwkXjmzbpYlplm9nXlj1CWDeKf0%2fkOFE5QTTTZ0N7c8En1lMjnnZlQG3V1J82vT%2fUy19SNjUwD3dgA18Y9YkQvH5pYc4DQOmVgjbT9abrz%2f15usJ4ypo3f1IACLjecwprsBNAmEhMZZnR6x3dwk%2binNzIENhBRfD%2fU9SC2dkfzP9%2f7HUOPV6c6VpIaASa921%2fQuqXkQkbaZkonqs5lNVPaH%2bb6ala0SzWRUaDLTGZephnn5MN5rtk7Tl6mJWBdU%2frQ%2bh1zlNqYokQ6w07cWWS1V4vOz0vSSOmxIT7El%2fcxfFm7epg06xJDWSW0KlTnCVb5QiN4DTGEblKyQtDWT3iMsx71l159%2bK%2bR9Kjzz%2bmydFZ%2buesWYLlns8M6qgoE55Xdfu%2fIrsfrNCFh%2fesD%2bGndi8i60KwCcQVkdJpImDIHLXYYr3e%2bLd1kYmsBptlUDatI4bEfobPaS9kVhWuxBMW2bFj4nN2SaNxwHf0ueHQDC92E8i3Fc0bXzimJr7Sga65z%2fSTOem6tSYikVaNQK82PAAdtf7iXIW%2bXbrOcBna3HeiK1CrgkXuq7nroARl6A1jLy6qLDQHwEE675QEPbPmdxxcXf86s96LRXvU8gsoxpJeAd8M3L8ciFXgpv3yu6AjsgLpUWb2Ws2LSul6jKuMJZ8PKa5RaeOCssetSLHWAbcvUHLukllZcPUgTap2kj7p3QAaTYWhRCjwiLyhmS9NTPtcO5eagripUNMK74zsbDe59bZshgvMMpLlvmCVzqURKDBKhjTEJLBnHjeIz4VnSAY68cYbSx0AGpOByypAQPokiUXBDX4H5puyHH%2bod0qMdTKeY%2fMDfAqX0wAO6e6j4tm0eDKUsyljn4Up9LhTLD5t7ePX60obSrui%2fT2EXwIKHSFKeW9A%2fOshHSrMG9MEL4CjapPSywQkN1SuIIiuyLXz5cf%2fQAGx6LYnSFJR5EZAeyiAE9xEwm0ciqu4yiJosKAa82eKAcuClATAYL7a70jPleR4WqLv5B2kKe2N%2f2qZC%2b6JKRfW%2b%2fB2uRlrTvQFF72oxxqjHwCWI4A1FoziEF3dusUR3nSAPTsofSML4%2fTzl&ev=1&action=click&impressionpid=71d5d7ed-cba8-4734-9e90-8333264ad48e&rn=297083235&hmguid=5fa0921e-aa09-4668-a150-cb4b4737d506&dest=https%3A%2F%2Fwww.sainsburys.co.uk%2Fshop%2FPromotionDisplayView%3FcatalogId%3D10123%26langId%3D44%26productId%3D17834%26storeId%3D10151%26promotionId%3D10311721"><img src="/wcsstore7.28.113/SainsburysStorefrontAssetStore/wcassets/icons/special/img-special-offer.png" alt="Special Offer" />
                </a>
            </div>
          
                <div class="errorBanner hidden" id="error17835"></div>
                <div class="addToTrolleytabBox">   
                    <!--addToTrolleytabBox GRID VIEW --><!-- Start UserSubscribedOrNot.jspf --><!-- Start UserSubscribedOrNot.jsp --><!-- 
			If the user is not logged in, render this opening 
			DIV adding an addtional class to fix the border top which is removed 
			and replaced by the tabs
		-->
		<div class="addToTrolleytabContainer addItemBorderTop">
	<!-- End AddToSubscriptionList.jsp --><!-- End AddSubscriptionList.jspf --><!-- 
                    ATTENTION!!!
                    <div class="addToTrolleytabContainer">
                    This opening div is inside "../../ReusableObjects/UserSubscribedOrNot.jsp"
                    -->
                    <div class="pricingAndTrolleyOptions">
                        
                                    <div class="priceTab priceTabContainer activeContainer addItem" id="addItem_17835">
                                       <div class="pricing">
                                           
	<p class="pricePerUnit">
    Â£14.00<abbr title="per">/</abbr><abbr title="unit"><span class="pricePerUnitUnit">unit</span></abbr>
</p>
 
    <p class="pricePerMeasure">Â£20.00<abbr 
            title="per">/</abbr><abbr 
            title="litres"><span class="pricePerMeasureMeasure">ltr</span></abbr>
    </p>

                                       </div>                                      

                                     
                                        <div class="addToTrolleyForm "> 
                                           <!-- BEGIN AddToTrolley.jsp --><!-- fire an on add to bag here from true -->
		
		<form class="addToTrolleyForm" name="OrderItemAddForm_17835" action="OrderItemAdd" method="post" id="OrderItemAddForm_17835" class="addToTrolleyForm">
		    <input type="hidden" name="storeId" value="10151"/>
		    <input type="hidden" name="langId" value="44"/>
		    <input type="hidden" name="catalogId" value="10123"/>
		    
		    
                <input type="hidden" name="hookLogicOnClickUrl" value="//cat.hlserve.com/beacon?fid=425&hl_qs=jvaKtwU%2bWK83JGRCYbfQjzynshNXFBSws124ZgXYC4boD4xkolwnL9DzU%2fveJEMYhUu0ZT4%2bVmVSr3dD6CInYPHEtlBtgJ8hrRZ12du9B3Bh0Al4TvXeKAiW7PTnFzNwkXjmzbpYlplm9nXlj1CWDeKf0%2fkOFE5QTTTZ0N7c8En1lMjnnZlQG3V1J82vT%2fUy19SNjUwD3dgA18Y9YkQvH5pYc4DQOmVgjbT9abrz%2f15usJ4ypo3f1IACLjecwprsBNAmEhMZZnR6x3dwk%2binNzIENhBRfD%2fU9SC2dkfzP9%2f7HUOPV6c6VpIaASa921%2fQuqXkQkbaZkonqs5lNVPaH%2bb6ala0SzWRUaDLTGZephnn5MN5rtk7Tl6mJWBdU%2frQ%2bh1zlNqYokQ6w07cWWS1V4vOz0vSSOmxIT7El%2fcxfFm7epg06xJDWSW0KlTnCVb5QiN4DTGEblKyQtDWT3iMsx71l159%2bK%2bR9Kjzz%2bmydFZ%2buesWYLlns8M6qgoE55Xdfu%2fIrsfrNCFh%2fesD%2bGndi8i60KwCcQVkdJpImDIHLXYYr3e%2bLd1kYmsBptlUDatI4bEfobPaS9kVhWuxBMW2bFj4nN2SaNxwHf0ueHQDC92E8i3Fc0bXzimJr7Sga65z%2fSTOem6tSYikVaNQK82PAAdtf7iXIW%2bXbrOcBna3HeiK1CrgkXuq7nroARl6A1jLy6qLDQHwEE675QEPbPmdxxcXf86s96LRXvU8gsoxpJeAd8M3L8ciFXgpv3yu6AjsgLpUWb2Ws2LSul6jKuMJZ8PKa5RaeOCssetSLHWAbcvUHLukllZcPUgTap2kj7p3QAaTYWhRCjwiLyhmS9NTPtcO5eagripUNMK74zsbDe59bZshgvMMpLlvmCVzqURKDBKhjTEJLBnHjeIz4VnSAY68cYbSx0AGpOByypAQPokiUXBDX4H5puyHH%2bod0qMdTKeY%2fMDfAqX0wAO6e6j4tm0eDKUsyljn4Up9LhTLD5t7ePX60obSrui%2fT2EXwIKHSFKeW9A%2fOshHSrMG9MEL4CjapPSywQkN1SuIIiuyLXz5cf%2fQAGx6LYnSFJR5EZAeyiAE9xEwm0ciqu4yiJosKAa82eKAcuClATAYL7a70jPleR4WqLv5B2kKe2N%2f2qZC%2b6JKRfW%2b%2fB2uRlrTvQFF72oxxqjHwCWI4A1FoziEF3dusUR3nSAPTsofSML4%2fTzl&ev=1&action=click&impressionpid=71d5d7ed-cba8-4734-9e90-8333264ad48e&rn=297083235&hmguid=5fa0921e-aa09-4668-a150-cb4b4737d506"/>
            
		    <input type="hidden" name="errorViewName" value="CategoryDisplayView"/>
		    <input type="hidden" name="SKU_ID" value="2373331"/>
		    <input type="hidden" name="itemType" value=""/>
		    
		    
	           <input type="hidden" name="ItemSKU_ID" value="2373331"/>
	        
		        <label class="access" for="quantity_17834">Quantity</label>
		        
					<input name="quantity"  id="quantity_17834" type="text" size="3" value="1" class="quantity"   />
				
                    <input type="hidden" name="catEntryId" value="17835"/>
                

		        <input type="hidden" name="productId" value="17834"/>
		        
		
		    <input type="hidden" name="URL" value="https://www.sainsburys.co.uk/webapp/wcs/stores/servlet/CategoryDisplay?langId=44&amp;storeId=10151&amp;krypto=D32KOcKfYA4Hvwso0i753dr1iIhAu0csku86SmELgEaQR9P8v2A2%2BPZCDQQrPknP4Jh5LpA5Os8C3TablW9eBLENLKFCZpf1CNYh6SDvSCqy9lZtSpAyelxddGfuzkoi8%2BSG2DgbdPE7xxt%2FzuYP88giPluAtHbXE1k%2Fds2ZCyc%3D&amp;ddkey=https%3Agb%2Fgroceries%2Ffruit-veg%2Fberries-cherries-currants"/>
		    <input type="hidden" name="page" value=""/>
		    <input type="hidden" name="contractId" value=""/>
		    <input type="hidden" name="calculateOrder" value="1"/>
		    <input type="hidden" name="calculationUsage" value="-1,-2,-3"/>
		    <input type="hidden" name="updateable" value="1"/>
		    <input type="hidden" name="merge" value="***"/>
		     
		   	<input type="hidden" name="callAjax" value="false"/>
		   	
		    
		        <input class="button process"  type="submit" name="Add" value="Add" />
			


		</form>
	<!-- END AddToTrolley.jsp -->
        <div class="numberInTrolley hidden numberInTrolley_17834" id="numberInTrolley_17834">
            
        </div>
    
                                        </div>

                                        <!-- BEGIN CatalogEntryRatingsReviewsInfo.jspf --><!-- productAllowedRatingsAndReviews: true -->
    <div class="reviews">
        
            <a class="numberOfReviews" href="//cat.hlserve.com/beacon?fid=425&hl_qs=jvaKtwU%2bWK83JGRCYbfQjzynshNXFBSws124ZgXYC4boD4xkolwnL9DzU%2fveJEMYhUu0ZT4%2bVmVSr3dD6CInYPHEtlBtgJ8hrRZ12du9B3Bh0Al4TvXeKAiW7PTnFzNwkXjmzbpYlplm9nXlj1CWDeKf0%2fkOFE5QTTTZ0N7c8En1lMjnnZlQG3V1J82vT%2fUy19SNjUwD3dgA18Y9YkQvH5pYc4DQOmVgjbT9abrz%2f15usJ4ypo3f1IACLjecwprsBNAmEhMZZnR6x3dwk%2binNzIENhBRfD%2fU9SC2dkfzP9%2f7HUOPV6c6VpIaASa921%2fQuqXkQkbaZkonqs5lNVPaH%2bb6ala0SzWRUaDLTGZephnn5MN5rtk7Tl6mJWBdU%2frQ%2bh1zlNqYokQ6w07cWWS1V4vOz0vSSOmxIT7El%2fcxfFm7epg06xJDWSW0KlTnCVb5QiN4DTGEblKyQtDWT3iMsx71l159%2bK%2bR9Kjzz%2bmydFZ%2buesWYLlns8M6qgoE55Xdfu%2fIrsfrNCFh%2fesD%2bGndi8i60KwCcQVkdJpImDIHLXYYr3e%2bLd1kYmsBptlUDatI4bEfobPaS9kVhWuxBMW2bHX9Txs8sPt5AxQ23XB5xdDqfCU8un2Fn2l1y3p36eGpe5n0KSugHv81uedO12Fs851omSFxcp5ZKVQThZX9WDhcKsyRgrV3qPPAUK0UVhI5SZ7FWLAXmrzbBX1mL6d2C06XKgm0Jjn1ZDVJ%2bAQSYW4rrDIq%2fmtBLoHXOkdcbR9bLkyB5ExokxkEeja5ko0iTZ6To5FcwXIxxkT8jq3LtbcRJ7cndz970oM0sU6IreoGyyNrUJBnaX9y0bcSqNtHC%2frZcWwelLns%2bEa8q0Ls73xf51UvHgvNObb4auVFBZ04Cvj%2bEbD8%2bOMLJu0vW%2fGrEUwtSnYJHCY6zB0w9n67y9ZtJ0jxN4%2fnTvzM8Goji3Faw7pU%2f%2byF6052q6AZ5w6p8%2bPUZQG8GbT6Ewo4exnJPMH4MM3cuuQ1hQWBJ5v5jdAu5OOH0%2bvqLCDy52IDRuKZ%2fga9j6D%2f294yyr5a%2bwEK%2bmP4HUnKW3DhCFf9ciLOL4%2bMNBGR8NEBjbJ73PdQg44FUdnRbMh4pn0z%2bCfu7SlBba8YGPA8x2UH0n7UqUih8Wobe%2bCLb8z%2bGmoP%2f%2bB5moFrSM3Hob1ytr7xy8hI8EnE3zz1g%2b1bheu5pR4uGqbSuqit&ev=1&action=click&impressionpid=71d5d7ed-cba8-4734-9e90-8333264ad48e&rn=1922541137&hmguid=5fa0921e-aa09-4668-a150-cb4b4737d506&dest=https%3a%2f%2fwww.sainsburys.co.uk%2fshop%2fgb%2fgroceries%2fsmirnoff-vodka--red-label-70cl#reviews" >
                <img src="//www.sainsburys.co.uk/wcsstore7.28.113/SainsburysStorefrontAssetStore/img/stars/rating-3_8.gif" alt="3.75" border="0"/>&nbsp; 
                Reviews (4)
            </a>
        
    </div>
<!-- END CatalogEntryRatingsReviewsInfo.jspf -->
                                   </div>
                               <!-- Start AddToSubscriptionList.jspf --><!-- Start AddToSubscriptionList.jsp --><!-- End AddToSubscriptionList.jsp --><!-- End AddToSubscriptionList.jspf -->     
                    </div>
                            
                    
    
    <div class="badges">
        <ul>
            
                    
                    
                    
                     <li  class="lastchild" >

                        
                            <a href="http://help.sainsburys.co.uk/help/ordering/bulk-order-online" target="_blank">
                                         
                        <img src="/wcsstore7.28.113/SainsburysStorefrontAssetStore/wcassets/icons/6_bottles_max_54x40.jpg" alt="6 bottles max" />
                            
                        
                            </a>    
                        
                    </li>
                
        </ul>   
    </div>

                </div>     
            </div>
            <!--ThumbnailRestriction --><!-- END CatalogEntryThumbnailDisplay.jsp -->
	              </li>
	              

	               <li class="gridItem  hlLast ">  
	                   <!-- BEGIN CatalogEntryThumbnailDisplay.jsp -->
            <div class="product  hl-product hookLogic "
                onView-beacon=//b.hlserve.com/beacon?fid=425&hl_qs=jvaKtwU%2bWK83JGRCYbfQjzynshNXFBSws124ZgXYC4bFhfLz1tLBeN7FiJl0TJ0WPKAISfcxg7ORa%2fuE5HtUSwGIlSlF1SI%2fj2SIRFPlSNsOjCAABXCl4YaOiR1gUZigfRO2Sw%2bE8G%2fypxXWY2Qj0GJ8tS%2fUk1QuiSpgyMoxsrKBd1a2eMv9nfz8uvqEXVOL71XKWXmPVCB1FhYl7p8iHiNLh6sHG3Bx7neiImpJgcLwEzVhjxdZ22d3sGD68xSuclkxB3w0nXmppy%2bYf7LKSxZSxYhpZpa3S9tdmonzx7cCaClQt%2fzFB3dVHQZysLpF4bLY7chULmGF0nRDRixeEhqC0qSpYZoXF8bsoS0cTsF2Wa8%2fCCZU2g%2fDes0wQ%2f%2f8UXHjrZSnGw%2bZFxrGBx5UobVqZ7LEomahiobTPqmdmR3yKIDv5KBe%2bmVARZdyp9CMJssINGiV%2buayeROI8vvuA7M99kmqdpfjJzcICESfTZZCQ1U3mMzAUrqFqfA6cSTAeOxfKC2qnToj4y8R4cLw0sxDS3qRFvUzUo3Aed5qI6z3eEcsgxceq4cGCuLVXehCxsZTkcjDW%2fNuBvPya%2bb04pfrG7sywGmk8C3zbI7%2f3%2b389nTB8n%2bdMsy%2fi6qzn2ndzNhNi%2bkQII1bMAd35cx%2bU19RF2Z3pvP2%2fhFdiw91MfqpkTFz%2feeTxuIbyouycf27aHdN2NnGis44f%2bpKEyJEs%2bCA9SLsnq6%2fOsITvFZYygXenuNDYZ2W8XfhXmIfHDDpq9ZT1iiLiL2tZFpWOcE6fDUV7CI2bHWhq8gfpfUyfxpqsb1Qsji%2fHJWSUNFQ0KbrTHOWUMuY9Bp9FaLfpW890evvZ72Ph%2bWoSJ9RVYs5lwmgJZlH0EM4g9c99VWwfiZHNFJ33V4HT14%2bihPgfjJUI2T%2bb%2faMnRvRuaAWQypcA2nmXRQ3im2X9cVBtu8dg6WSJwOQU%2bIQgVYlvZAlQSD4ZJSYfXQeM9mGTamTHMRYZujzPMw%2fKzcd0odwyPaF08DSWny4uiTMmen%2fj5JcWZjUWesHP0OAU7a%2fxU0v1WwSGGh6Rhp2fKsVo4UE5XVUj51y4kfdO6yprpRqJy%2bRAvd9U9%2bDPyPc4wSj3q6GqIjsYoOtlFv%2bFV9VULYEtJZozwxN28tJnpGLaFgal8mPba2eIXFC6y%2b2QV7fKkZidEYqvNMU24rSn4GNmUyUdebC0LKM0apiofiidAZOg7tI5WmloTwM%2fit9cQvTEDo7cI9I4%2bdwo6kZpfCH%2bcTRFXPH61zLWq3X0dvioYS%2fVKQL60lmkoCH7xtBqJU0zRhHboHbMWk%3d&ev=1&action=imp&pageguid=7fd21a78-df24-4f9c-8296-72c2e63b9f2f&pid=49aa3c38-0b86-4ce6-8de0-7b5d4493a68b&rn=1674559506&hmguid=5fa0921e-aa09-4668-a150-cb4b4737d506"
                >
                
                
<wcbase:useBean id="sdb" classname="com.ibm.commerce.common.beans.StoreDataBean" scope="request" />
     
                <div class="productInfo">
                    <div class="productNameAndPromotions">
                        
                                  <h3>
                                    <a href="//cat.hlserve.com/beacon?fid=425&hl_qs=jvaKtwU%2bWK83JGRCYbfQjzynshNXFBSws124ZgXYC4bFhfLz1tLBeN7FiJl0TJ0WPKAISfcxg7ORa%2fuE5HtUSwGIlSlF1SI%2fj2SIRFPlSNsOjCAABXCl4YaOiR1gUZigfRO2Sw%2bE8G%2fypxXWY2Qj0GJ8tS%2fUk1QuiSpgyMoxsrKBd1a2eMv9nfz8uvqEXVOL71XKWXmPVCB1FhYl7p8iHiNLh6sHG3Bx7neiImpJgcKqbrIcFkVjl%2fkt8fGDpPMS7pypUOrz3BTJm87hXndzrkHeBJUsnulGveiWSZOlGNLw6%2fT4N1jpHREwqXfK6wyqF0yrw%2bPUuLZ06pYiIOtOxBMUEiHJdD9WlnXBquK%2fNakUfT6hKzyGma5BWu%2fo8VbEdiE7ohWuyq5YiGg7eSCyah6aaZhEOHUvikjcjgWE7C4HuB3XSmxiwoegklN5pIQUvvm%2fxO8Dn5sM8%2f3lxQUGSsMOQOxipaOkTggW4Ipn32v5LSiwgqR4PFFA3cNL3ZCskp2%2fOW5%2bYKgwIL%2fQPzHGcoUU2KTSB24TPM5CVbBm9my0tfoeGYXlCquLBJHyNtLQaEG%2bRK2xzi7Q5ASU2QjAw7eURiQEdE6vDwsFUAi7zi9k%2bnL9TnbbzevC2IDoZge0%2bhVvYANN36DosYDcRgjyQRoyAxJCITDNK6MVtqGHbFOw7QTWWL63Km%2frhRSBlaPxKDGN%2f639K0mcUEm3Nzmr%2ftc4mWz6QdcSyHmpdPSIYDRRscVnRi4CTtNhViNr5hMhZmYJIWa%2fkoQ7Hltqfa%2fxPhzccFojU6W%2bvTwOdYBim0qK3WhN07r4lZjr1aFxf09mdxGUGaQLngtWYVaMiig%2fNEqHFWbXHHR5LrqOfjK8L3yNm%2bhE2m8f1pUUjHItkZHszOTgOgr1wtQXbCEHwK6kqz%2fn7Hal5L9HyYZ4cv8BdgTWb43EEpdhW6hQ%2blhuuJHcF6uRSaiHWizvHqjJ2%2b70rwyi2zwySrnfArj%2bpHg%2fA3hApHVj0eWAq%2f8KRPl51SoJlatkNAcQMHfdERuu96vIdfEd9UwKTV16Ab1Qj2ToJL9naDghrdjUP3wv4EXheg5rSxEJaHBEiXmp1MetKA9hnvPKQugaMTvlzHlrIfWCzDB7vpwarosb67SeQrMTiiVy9LzNUz0P%2f26I4wTYA5cbAQfRkxA7o6lzyeWvTwIQuU7MH%2bWgm8CqCm%2bHgPPd9m%2fvQ2DCr5m68gi9dn7Eq9sCDJHnM%2f4opmkB08f3peywII8%3d&ev=1&action=click&impressionpid=49aa3c38-0b86-4ce6-8de0-7b5d4493a68b&rn=1951180669&hmguid=5fa0921e-aa09-4668-a150-cb4b4737d506&dest=https%3a%2f%2fwww.sainsburys.co.uk%2fshop%2fgb%2fgroceries%2fgarnier-micellar-water-combi-400ml" >
                                        Garnier Micellar Water Combination Skin 400ml
                                        <img src="//www.sainsburys.co.uk/wcsstore7.28.113/ExtendedSitesCatalogAssetStore/images/catalog/productImages/52/3600541594852/3600541594852_L.jpeg" alt="" />
                                    </a>
                                </h3>
                              
                    </div> 
                </div>
                
                <div class="errorBanner hidden" id="error960957"></div>
                <div class="addToTrolleytabBox">   
                    <!--addToTrolleytabBox GRID VIEW --><!-- Start UserSubscribedOrNot.jspf --><!-- Start UserSubscribedOrNot.jsp --><!-- 
			If the user is not logged in, render this opening 
			DIV adding an addtional class to fix the border top which is removed 
			and replaced by the tabs
		-->
		<div class="addToTrolleytabContainer addItemBorderTop">
	<!-- End AddToSubscriptionList.jsp --><!-- End AddSubscriptionList.jspf --><!-- 
                    ATTENTION!!!
                    <div class="addToTrolleytabContainer">
                    This opening div is inside "../../ReusableObjects/UserSubscribedOrNot.jsp"
                    -->
                    <div class="pricingAndTrolleyOptions">
                        
                                    <div class="priceTab priceTabContainer activeContainer addItem" id="addItem_960957">
                                       <div class="pricing">
                                           
	<p class="pricePerUnit">
    Â£5.00<abbr title="per">/</abbr><abbr title="unit"><span class="pricePerUnitUnit">unit</span></abbr>
</p>
 
    <p class="pricePerMeasure">Â£1.25<abbr 
            title="per">/</abbr>100<abbr 
            title="millilitre"><span class="pricePerMeasureMeasure">ml</span></abbr>
    </p>

                                       </div>                                      

                                     
                                        <div class="addToTrolleyForm "> 
                                           <!-- BEGIN AddToTrolley.jsp --><!-- fire an on add to bag here from true -->
		
		<form class="addToTrolleyForm" name="OrderItemAddForm_960957" action="OrderItemAdd" method="post" id="OrderItemAddForm_960957" class="addToTrolleyForm">
		    <input type="hidden" name="storeId" value="10151"/>
		    <input type="hidden" name="langId" value="44"/>
		    <input type="hidden" name="catalogId" value="10123"/>
		    
		    
                <input type="hidden" name="hookLogicOnClickUrl" value="//cat.hlserve.com/beacon?fid=425&hl_qs=jvaKtwU%2bWK83JGRCYbfQjzynshNXFBSws124ZgXYC4bFhfLz1tLBeN7FiJl0TJ0WPKAISfcxg7ORa%2fuE5HtUSwGIlSlF1SI%2fj2SIRFPlSNsOjCAABXCl4YaOiR1gUZigfRO2Sw%2bE8G%2fypxXWY2Qj0GJ8tS%2fUk1QuiSpgyMoxsrKBd1a2eMv9nfz8uvqEXVOL71XKWXmPVCB1FhYl7p8iHiNLh6sHG3Bx7neiImpJgcKqbrIcFkVjl%2fkt8fGDpPMS7pypUOrz3BTJm87hXndzrkHeBJUsnulGveiWSZOlGNLw6%2fT4N1jpHREwqXfK6wyqF0yrw%2bPUuLZ06pYiIOtOxBMUEiHJdD9WlnXBquK%2fNakUfT6hKzyGma5BWu%2fo8VbEdiE7ohWuyq5YiGg7eSCyah6aaZhEOHUvikjcjgWE7C4HuB3XSmxiwoegklN5pIQUvvm%2fxO8Dn5sM8%2f3lxQUGSsMOQOxipaOkTggW4Ipn32v5LSiwgqR4PFFA3cNL3ZCskp2%2fOW5%2bYKgwIL%2fQPzHGcoUU2KTSB24TPM5CVbBm9my0tfoeGYXlCquLBJHyNtLQaEG%2bRK2xzi7Q5ASU2QjAw7eURiQEdE6vDwsFUAi7zi%2bYc%2bTQN2oyGXAdsC1LSySJLmNCEnSm6dheXsgW1vyF6nZcIqNuNhIPpws1e499kcbhXOuONFk1Mi5viOs1bJ6X7%2bX7On%2fMLJVRveAIvkNE5tyZQsnMCMaEDA3q%2fibgI%2fPQ6doqP0A9JmTnshDfeKRkRLX7V%2fgUH23wotpM%2f0pKBBqC8Cg7K94HLNfWhAk%2f449vzf4IWwqfTg%2b2sAjCDMBuFw7TB2vGZ8sATbLVxdjj22DeFCPFih6jykE%2bsDjgOLwyz2UzWj71hMxUNDsC5mo%2bWiUflb0sMPDrpiUEbOSQdHpaszXfjiuVOVZ%2fpl4xRXJ62PGLQDAEMts04nO98%2bGf9V7cCNXO%2bdhvvCB4UtGRtt%2fW25HqVAP736g6Vuzq4E7Sspj79RFy5qENdBE3%2bQ2oKvq%2batV4x1pMGmnus1y8yFiAZTUlmUGI%2fjbQUKDymQU9PC9eeJmP47swuj7ro1n1eX1GpCC6GklIJeQp%2fxobcNNLvYTxXOsKBIBoA4%2fmpR9lxobc0PPoNMq6D8uZHIZ2ZzIW1tZpaBSjTt7xlUtcAYErZ2EJvo1icnOMIN3P%2fPCGecz5Ce96kGBrpyYdqsWRm2gBlVdrcDQL77vTpjO8UY6BCYm1emnt2gJINqsfbds%3d&ev=1&action=click&impressionpid=49aa3c38-0b86-4ce6-8de0-7b5d4493a68b&rn=1242014765&hmguid=5fa0921e-aa09-4668-a150-cb4b4737d506"/>
            
		    <input type="hidden" name="errorViewName" value="CategoryDisplayView"/>
		    <input type="hidden" name="SKU_ID" value="7772886"/>
		    <input type="hidden" name="itemType" value=""/>
		    
		    
	           <input type="hidden" name="ItemSKU_ID" value="7772886"/>
	        
		        <label class="access" for="quantity_960956">Quantity</label>
		        
					<input name="quantity"  id="quantity_960956" type="text" size="3" value="1" class="quantity"   />
				
                    <input type="hidden" name="catEntryId" value="960957"/>
                

		        <input type="hidden" name="productId" value="960956"/>
		        
		
		    <input type="hidden" name="URL" value="https://www.sainsburys.co.uk/webapp/wcs/stores/servlet/CategoryDisplay?langId=44&amp;storeId=10151&amp;krypto=D32KOcKfYA4Hvwso0i753dr1iIhAu0csku86SmELgEaQR9P8v2A2%2BPZCDQQrPknP4Jh5LpA5Os8C3TablW9eBLENLKFCZpf1CNYh6SDvSCqy9lZtSpAyelxddGfuzkoi8%2BSG2DgbdPE7xxt%2FzuYP88giPluAtHbXE1k%2Fds2ZCyc%3D&amp;ddkey=https%3Agb%2Fgroceries%2Ffruit-veg%2Fberries-cherries-currants"/>
		    <input type="hidden" name="page" value=""/>
		    <input type="hidden" name="contractId" value=""/>
		    <input type="hidden" name="calculateOrder" value="1"/>
		    <input type="hidden" name="calculationUsage" value="-1,-2,-3"/>
		    <input type="hidden" name="updateable" value="1"/>
		    <input type="hidden" name="merge" value="***"/>
		     
		   	<input type="hidden" name="callAjax" value="false"/>
		   	
		    
		        <input class="button process"  type="submit" name="Add" value="Add" />
			


		</form>
	<!-- END AddToTrolley.jsp -->
        <div class="numberInTrolley hidden numberInTrolley_960956" id="numberInTrolley_960956">
            
        </div>
    
                                        </div>

                                        <!-- BEGIN CatalogEntryRatingsReviewsInfo.jspf --><!-- productAllowedRatingsAndReviews: true -->
    <div class="reviews">
        
            <a class="numberOfReviews" href="//cat.hlserve.com/beacon?fid=425&hl_qs=jvaKtwU%2bWK83JGRCYbfQjzynshNXFBSws124ZgXYC4bFhfLz1tLBeN7FiJl0TJ0WPKAISfcxg7ORa%2fuE5HtUSwGIlSlF1SI%2fj2SIRFPlSNsOjCAABXCl4YaOiR1gUZigfRO2Sw%2bE8G%2fypxXWY2Qj0GJ8tS%2fUk1QuiSpgyMoxsrKBd1a2eMv9nfz8uvqEXVOL71XKWXmPVCB1FhYl7p8iHiNLh6sHG3Bx7neiImpJgcKqbrIcFkVjl%2fkt8fGDpPMS7pypUOrz3BTJm87hXndzrkHeBJUsnulGveiWSZOlGNLw6%2fT4N1jpHREwqXfK6wyqF0yrw%2bPUuLZ06pYiIOtOxBMUEiHJdD9WlnXBquK%2fNakUfT6hKzyGma5BWu%2fo8VbEdiE7ohWuyq5YiGg7eSCyah6aaZhEOHUvikjcjgWE7C4HuB3XSmxiwoegklN5pIQUvvm%2fxO8Dn5sM8%2f3lxQUGSsMOQOxipaOkTggW4Ipn32v5LSiwgqR4PFFA3cNL3ZCskp2%2fOW5%2bYKgwIL%2fQPzHGcoUU2KTSB24TPM5CVbBm9my0tfoeGYXlCquLBJHyNtLQaEG%2bRK2xzi7Q5ASU2QjAw7eURiQEdE6vDwsFUAi7zi9k%2bnL9TnbbzevC2IDoZge0%2bhVvYANN36DosYDcRgjyQRoyAxJCITDNK6MVtqGHbFOw7QTWWL63Km%2frhRSBlaPxKDGN%2f639K0mcUEm3Nzmr%2ftc4mWz6QdcSyHmpdPSIYDRRscVnRi4CTtNhViNr5hMhZmYJIWa%2fkoQ7Hltqfa%2fxPhzccFojU6W%2bvTwOdYBim0qK3WhN07r4lZjr1aFxf09mdxGUGaQLngtWYVaMiig%2fNEqHFWbXHHR5LrqOfjK8L3yNm%2bhE2m8f1pUUjHItkZHszOTgOgr1wtQXbCEHwK6kqz%2fn7Hal5L9HyYZ4cv8BdgTWb43EEpdhW6hQ%2blhuuJHcF6uRSaiHWizvHqjJ2%2b70rwyi2zwySrnfArj%2bpHg%2fA3hApHVj0eWAq%2f8KRPl51SoJlatkNAcQMHfdERuu96vIdfEd9UwKTV16Ab1Qj2ToJL9naDghrdjUP3wv4EXheg5rSxEJaHBEiXmp1MetKA9hnvPKQugaMTvlzHlrIfWCzDB7vpwarosb67SeQrMTiiVy9LzNUz0P%2f26I4wTYA5cbAQfRkxA7o6lzyeWvTwIQuU7MH%2bWgm8CqCm%2bHgPPd9m%2fvQ2DCr5m68gi9dn7Eq9sCDJHnM%2f4opmkB08f3peywII8%3d&ev=1&action=click&impressionpid=49aa3c38-0b86-4ce6-8de0-7b5d4493a68b&rn=1951180669&hmguid=5fa0921e-aa09-4668-a150-cb4b4737d506&dest=https%3a%2f%2fwww.sainsburys.co.uk%2fshop%2fgb%2fgroceries%2fgarnier-micellar-water-combi-400ml#reviews" >
                <img src="//www.sainsburys.co.uk/wcsstore7.28.113/SainsburysStorefrontAssetStore/img/stars/rating-4_4.gif" alt="4.4464" border="0"/>&nbsp; 
                Reviews (56)
            </a>
        
    </div>
<!-- END CatalogEntryRatingsReviewsInfo.jspf -->
                                   </div>
                               <!-- Start AddToSubscriptionList.jspf --><!-- Start AddToSubscriptionList.jsp --><!-- End AddToSubscriptionList.jsp --><!-- End AddToSubscriptionList.jspf -->     
                    </div>
                            
                    
                </div>     
            </div>
            <!--ThumbnailRestriction --><!-- END CatalogEntryThumbnailDisplay.jsp -->
	              </li>
	                     
        </ul>
    
</div>
<!-- END HookLogicTileListDisplay.jsp -->    
        </div>
    <!-- END ShelfDisplay.jsp --><!-- ********************* ZDAS ESpot Display Start ********************** -->
            <div class="section eSpotContainer bottomESpots">
                <!-- Left POD ESpot Name = Z_Default_Espot_Content -->
                <!-- START ZDASPODDisplay.jsp -->

<div id="sitecatalyst_ESPOT_NAME_Z_Default_Espot_Content" class="siteCatalystTag">Z_Default_Espot_Content</div>

<!-- START MarketingSpotActivityDataDisplay.jspf --><!-- END MarketingSpotActivityDataDisplay.jspf --><!-- END ZDASPODDisplay.jsp -->
             </div>   
             
              
                
              <div class="section eSpotContainer bottomESpots">   
	                <!--  Middle POD Espot Name = Z_Default_Espot_Content -->
	                      <!-- START ZDASPODDisplay.jsp -->

<div id="sitecatalyst_ESPOT_NAME_Z_Default_Espot_Content" class="siteCatalystTag">Z_Default_Espot_Content</div>

<!-- START MarketingSpotActivityDataDisplay.jspf --><!-- END MarketingSpotActivityDataDisplay.jspf --><!-- END ZDASPODDisplay.jsp -->
                </div>
            <!-- ********************* ZDAS ESpot Display End ********************** -->
        </div>
        <!-- content End --><!-- auxiliary Start -->
        <div class="aside" id="auxiliary">
            <!-- BEGIN RightHandSide.jspf -->
<div id="auxiliaryDock">
    <!-- BEGIN RightHandSide.jsp -->

<div class="panel loginPanel">
	
    <div id="sitecatalyst_ESPOT_NAME_NZ_Welcome_Back_RHS_Espot" class="siteCatalystTag">NZ_Welcome_Back_RHS_Espot</div>

                    
	<h2>Already a customer?</h2>
    <form name="signIn" method="post" action="LogonView" id="Rhs_signIn">
        <input type="hidden" name="storeId" value="10151"/>
        <input type="hidden" name="langId" value="44"/>
        <input type="hidden" name="catalogId" value="10123"/>
        <input type="hidden" name="URL" value="https://www.sainsburys.co.uk/webapp/wcs/stores/servlet/CategoryDisplay?langId=44&storeId=10151&krypto=D32KOcKfYA4Hvwso0i753dr1iIhAu0csku86SmELgEaQR9P8v2A2%2BPZCDQQrPknP4Jh5LpA5Os8C3TablW9eBLENLKFCZpf1CNYh6SDvSCqy9lZtSpAyelxddGfuzkoi8%2BSG2DgbdPE7xxt%2FzuYP88giPluAtHbXE1k%2Fds2ZCyc%3D&ddkey=https%3Agb%2Fgroceries%2Ffruit-veg%2Fberries-cherries-currants"/>
        <input type="hidden" name="logonCallerId" value="LogonButton"/>
        <input type="hidden" name="errorViewName" value="CategoryDisplayView"/>
        <input class="button process" type="submit" value="Log in" />
    </form>
    
	<div class="panelFooter">
		<p class="register">Not yet registered? 
		<a class="callToAction" name="register" href="https://www.sainsburys.co.uk/shop/PostcodeCheckView?catalogId=10122&currentPageUrl=https%3A%2F%2Fwww.sainsburys.co.uk%2Fwebapp%2Fwcs%2Fstores%2Fservlet%2FCategoryDisplay%3FlangId%3D44%26storeId%3D10151%26krypto%3DD32KOcKfYA4Hvwso0i753dr1iIhAu0csku86SmELgEaQR9P8v2A2%252BPZCDQQrPknP4Jh5LpA5Os8C3TablW9eBLENLKFCZpf1CNYh6SDvSCqy9lZtSpAyelxddGfuzkoi8%252BSG2DgbdPE7xxt%252FzuYP88giPluAtHbXE1k%252Fds2ZCyc%253D%26ddkey%3Dhttps%253Agb%252Fgroceries%252Ffruit-veg%252Fberries-cherries-currants&langId=44&storeId=10151"> Register Now</a></p>
	</div>
</div>
<div class="panel imagePanel checkPostCodePanel" id="checkPostCodePanel">
	
    <div id="sitecatalyst_ESPOT_NAME_NZ_Do_We_Deliver_To_You_Espot" class="siteCatalystTag">NZ_Do_We_Deliver_To_You_Espot</div>

        <h2>New customer?</h2>
    

    <p>Enter your postcode to check we deliver in your area.</p>
    
    
      <div id="PostCodeMessageArea" class="errorMessage" style="display:none;">
      </div>
    
	<form name="CheckPostCode" method="post" action="/webapp/wcs/stores/servlet/CheckPostCode" id="Rhs_checkPostCode">
		<input type="hidden" name="langId" value="44"/>
		<input type="hidden" name="storeId" value="10151"/>
		<input type="hidden" name="currentPageUrl" value="https://www.sainsburys.co.uk/webapp/wcs/stores/servlet/CategoryDisplay?langId=44&amp;storeId=10151&amp;krypto=D32KOcKfYA4Hvwso0i753dr1iIhAu0csku86SmELgEaQR9P8v2A2%2BPZCDQQrPknP4Jh5LpA5Os8C3TablW9eBLENLKFCZpf1CNYh6SDvSCqy9lZtSpAyelxddGfuzkoi8%2BSG2DgbdPE7xxt%2FzuYP88giPluAtHbXE1k%2Fds2ZCyc%3D&amp;ddkey=https%3Agb%2Fgroceries%2Ffruit-veg%2Fberries-cherries-currants"/>
         
            <input type="hidden" name="currentViewName" value="CategoryDisplayView"/>
        
		<input type="hidden" name="messageAreaId" value="PostCodeMessageArea"/>
		
		<div class="field">
			<div class="indicator">
				<label class="access" for="postCode">Postcode</label>
			</div>
			<div class="input">
				<input type="text" name="postCode" id="postCode" maxlength="8" value="" />
			</div>
		</div>
		<div class="actions">
			<input class="button primary process" type="submit" value="Check postcode"/>
		</div>      
	</form>
</div>
<!-- END RightHandSide.jsp --><!-- BEGIN MiniShopCartDisplay.jsp --><!-- If we get here from a generic error this service will fail so we need to catch the exception -->
		<div class="panel infoPanel">
			<span class="icon infoIcon"></span>
		   	<h2>Important Information</h2>
			<p>Alcohol pricing & promotions for customers served from our Scottish stores may differ from those shown when browsing our site. Please log in to see the full range of alcohol prices & promotions available to you.</p>
		</div>
	<!-- END MiniShopCartDisplay.jsp -->
</div>
<!-- END RightHandSide.jspf -->
        </div>
        <!-- auxiliary End -->
    </div>
    <!-- Main Area End --><!-- Footer Start --><!-- BEGIN LayoutContainerBottom.jspf --><!-- BEGIN FooterDisplay.jspf -->


<div id="globalFooter" class="footer">
    
    <ul class="footerLinkList">
	    <li>
	       
	       <a href="https://privacy-hub.sainsburys.co.uk/privacy-policy">Privacy policy</a>
	    </li>
	    <li>
	       
	       <a href="https://privacy-hub.sainsburys.co.uk/cookie-policy">Cookie policy</a>
	    </li>
	    <li>
	       
	       <a href="https://help.sainsburys.co.uk/help/website/terms-conditions-acceptance">Terms &amp; conditions</a>
	    </li>
	    <li>
	       
	       <a href="https://help.sainsburys.co.uk/help/website/our-commitment">Accessibility</a>
	    </li>
	    <li>
	       
	       <a href="https://help.sainsburys.co.uk/help/">Help Centre</a>
	    </li>
        <li>
           
           <a href="https://help.sainsburys.co.uk/help/how_to_contact_us">Contact us</a>
        </li>
    </ul>
    
</div>

<!-- END FooterDisplay.jspf --><!-- END LayoutContainerBottom.jspf --><!-- Footer Start End -->
    </div>
    <!--// End #page  --><!-- Bright Tagger start -->

	<div id="sitecatalyst_ws" class="siteCatalystTag"></div>
	
    <script type="text/javascript">
        var brightTagStAccount = 'sp0XdVN';
    </script>
    <noscript>
        <iframe src="//s.thebrighttag.com/iframe?c=sp0XdVN" width="1" height="1" frameborder="0" scrolling="no" marginheight="0" marginwidth="0"></iframe>
    </noscript>
<!-- Bright Tagger End -->
 <script type="text/javascript">
 (function(){
 
    
    
        digitalData.page = {pageInfo:{},events:[]}; //If there is no event then create an event array
    
        var pageName = '' ? document.body.id+':':document.body.id; digitalData.page.pageInfo.pageName =pageName;
        var breadCrumb = document.querySelectorAll('#breadcrumbNavList > li > a,#breadcrumbNavList > li > strong,#breadcrumbNavList > li > span > strong');
        var element = [];
        var level;
        for (var i=0,il=breadCrumb.length; i<il; i++) {
            element.push(breadCrumb[i].textContent.trim());
            if (i == 0) {
                level = 'Zone';
            } else if (i == 1) {
                level = 'Department';
            } else if (i == 2) {
                level = 'Aisle';
            } else if(i == 3) {
                level = 'Shelf';
            }
        }
        var bElement = element ? element.join('::'):'';
        
    
                if (bElement.length > 0 && bElement.trim()) { 
                    digitalData.page.pageInfo.breadCrumbs = 'Groceries::' + bElement;
                }
        
    
    digitalData.page.pageInfo.lang = 'en-gb';
    digitalData.page.pageInfo.rendering = 'web';
    
    var messagesDD;
    
    
	    digitalData.user = {
	        profile : {
	            profileInfo : {
	                websphereId : '',
	                deliveryPostcode: '',
	                deliveryStoreId: '',
	                deliverySlot: '',
	                deliveryCost: '',
	                deliveryOption: '',
	                deliveryType: '',
	                shoppingmode: '',
	                isSameDay: '',
	                blueMartini:''
	            }
	        } 
	    };
    
        
})();

/** -- START: Tealium Universal Tag -- **/
(function(a,b,c,d){ a='//tags.tiqcdn.com/utag/sainsburys/groceries/prod/utag.js'; b=document;c='script';d=b.createElement(c);d.src=a; d.type='text/java'+c;d.async=true; a=b.getElementsByTagName(c)[0];a.parentNode.insertBefore(d,a) })();
/** -- END: Tealium Universal Tag -- **/

</script>
<!-- Peerius Analytics start -->
    <script type="text/javascript">
     (function(){
        digitalData.thirdPartyData = {peeriusData:[]};
        digitalData.thirdPartyData.peeriusData = digitalData.thirdPartyData.peeriusData || [];
        var userId = digitalData.user.profile.profileInfo.websphereId.trim();
        var emailVal = '';
        if (userId.length > 0) {
            emailVal = userId + '@sainsburys.co.uk';
        }    
        
        peeriusObj = {
             recContent: 'refCodeOnly',
             user: {
                 email: emailVal
             }
        }; 
        digitalData.thirdPartyData.peeriusData.push(peeriusObj);
       
     })();
     
    
    </script>
    
    <script type="text/JavaScript" src="//sainsburysgroceries.peerius.com/tracker/peerius.page" charset="UTF-8"></script>
<!-- Peerius Analytics End -->
    
</body>
</html>

<!-- END CategoriesDisplay.jsp -->