<!DOCTYPE html>
<html class="noJs" xmlns:wairole="http://www.w3.org/2005/01/wai-rdf/GUIRoleTaxonomy#" xmlns:waistate="http://www.w3.org/2005/07/aaa" lang="en" xml:lang="en">
<!-- BEGIN CategoriesDisplay.jsp -->
<head>
    <title>Berries, Cherries &amp; Currants  | Sainsbury&#039;s</title>
    <meta name="description" content="Buy from our berries, cherries &amp; currants   range. Choose from 1 hour delivery slots and collect Nectar points online today. Buy online today."/>
    <meta name="keyword" content=""/>
    <link rel="canonical" href="https://www.sainsburys.co.uk/shop/gb/groceries/fruit-veg/berries-cherries-currants" />
    <!-- BEGIN CommonCSSToInclude.jspf --><!--[if IE 8]>
    <link type="text/css" href="//www.sainsburys.co.uk/wcsstore7.28.113/SainsburysStorefrontAssetStore/css/main-ie8.min.css" rel="stylesheet" media="all" />
	<![endif]-->

    <!--[if !IE 8]><!-->
   
    <link type="text/css" href="//www.sainsburys.co.uk/wcsstore7.28.113/SainsburysStorefrontAssetStore/css/main.min.css" rel="stylesheet" media="all" />
    <!--<![endif]-->
 
    
            <link type="text/css" href="https://cmscdn.sainsburys.co.uk/solContent/.resources/sainsburysTemplates/webresources/dist/main/espot.main.min.css" rel="stylesheet" media="all" />
        
            <link type="text/css" href="https://cmscdn.sainsburys.co.uk/solContent/.resources/sainsburysCSSOverride/webresources/css/espot.override.min.css" rel="stylesheet" media="all" />
        
	<link type="text/css" href="//www.sainsburys.co.uk/wcsstore7.28.113/SainsburysStorefrontAssetStore/wcassets/groceries/css/espot.css" rel="stylesheet" media="all" />
	<link type="text/css" href="//www.sainsburys.co.uk/wcsstore7.28.113/SainsburysStorefrontAssetStore/css/print.css" rel="stylesheet" media="print"/>	
<!-- END CommonCSSToInclude.jspf --><!-- BEGIN CommonJSToInclude.jspf -->
<meta name="CommerceSearch" content="storeId_10151" />



<script type="text/javascript">  
    var _deliverySlotInfo = {                          
            expiryDateTime: '',
            currentDateTime: 'June 16,2018 22:49:52',
            ajaxCountDownUrl: 'CountdownDisplayView?langId=44&amp;storeId=10151',
            ajaxExpiredUrl: 'DeliverySlotExpiredDisplayView?langId=44&amp;storeId=10151&amp;currentPageUrl=https%3a%2f%2fwww.sainsburys.co.uk%2fwebapp%2fwcs%2fstores%2fservlet%2fCategoryDisplay%3flangId%3d44%26storeId%3d10151%26krypto%3dg0CCAERPx%252F40Cyggn3OluE6MDI85EkhssBFXr0H5TvLHlYey%252FjE6O0xJvgrn1iFFzLWWyi3x9Y8uSRKA13TBrMPyZIYLu1HBVqbFxTiDOmV8REkE4FwDCuqrtw9UBXU6VDi7n%252BXgi7Fi3XInrCL7VIMzj89xR3e2R57ixZwIArQ%253D%26ddkey%3dhttps%253Agb%252Fgroceries%252Ffruit-veg%252Fberries-cherries-currants&amp;AJAXCall=true'
        }
    var _amendOrderSlotInfo = {                          
            expiryDateTime: '',
            currentDateTime: 'June 16,2018 22:49:52',
            ajaxAmendOrderExpiryUrl: 'AjaxOrderAmendSlotExpiryView?langId=44&amp;storeId=10151&amp;currentPageUrl=https%3a%2f%2fwww.sainsburys.co.uk%2fwebapp%2fwcs%2fstores%2fservlet%2fCategoryDisplay%3flangId%3d44%26storeId%3d10151%26krypto%3dg0CCAERPx%252F40Cyggn3OluE6MDI85EkhssBFXr0H5TvLHlYey%252FjE6O0xJvgrn1iFFzLWWyi3x9Y8uSRKA13TBrMPyZIYLu1HBVqbFxTiDOmV8REkE4FwDCuqrtw9UBXU6VDi7n%252BXgi7Fi3XInrCL7VIMzj89xR3e2R57ixZwIArQ%253D%26ddkey%3dhttps%253Agb%252Fgroceries%252Ffruit-veg%252Fberries-cherries-currants'
        }    
    var _commonPageInfo = {
        currentUrl: 'https://www.sainsburys.co.uk/webapp/wcs/stores/servlet/CategoryDisplay?langId=44&amp;storeId=10151&amp;krypto=g0CCAERPx%2F40Cyggn3OluE6MDI85EkhssBFXr0H5TvLHlYey%2FjE6O0xJvgrn1iFFzLWWyi3x9Y8uSRKA13TBrMPyZIYLu1HBVqbFxTiDOmV8REkE4FwDCuqrtw9UBXU6VDi7n%2BXgi7Fi3XInrCL7VIMzj89xR3e2R57ixZwIArQ%3D&amp;ddkey=https%3Agb%2Fgroceries%2Ffruit-veg%2Fberries-cherries-currants',
        storeId: '10151',
        langId: '44',
        catalogId: '10123',
        slot: '',
        cache: ''   
    }
</script>

        <script type="text/javascript">
	    var _rhsCheckPostCodeRuleset = {                          
	          postCode: {
	                isEmpty: {
	                      param: true,
	                      text: 'Sorry, we couldn&#39;t recognise that postcode. Please try again.',
	                      msgPlacement: "#checkPostCodePanel #Rhs_checkPostCode .field",
	                      elemToAddErrorClassTo: "#checkPostCodePanel #Rhs_checkPostCode .field"
	                },
	                minLength: {
	                      param: 5,
	                      text: 'Sorry, this entry must be between 5 to 8 characters long.',
	                      msgPlacement: "#checkPostCodePanel #Rhs_checkPostCode .field",
	                      elemToAddErrorClassTo: "#checkPostCodePanel #Rhs_checkPostCode .field"
	                },
	                isPostcode: {
	                      param: true,
	                      text: 'Sorry, we couldn&#39;t recognise that postcode. Please try again.',
	                      msgPlacement: "#checkPostCodePanel #Rhs_checkPostCode .field",
	                      elemToAddErrorClassTo: "#checkPostCodePanel #Rhs_checkPostCode .field"
	                }
	          }
	    }
	    </script>
    
<script type="text/javascript">
      var typeAheadTrigger = 2;
</script>



<script type="text/javascript" data-dojo-config="isDebug: false, useCommentedJson: true,locale: 'en-gb', parseOnLoad: true, dojoBlankHtmlUrl:'/wcsstore/SainsburysStorefrontAssetStore/js/dojo.1.7.1/blank.html'" src="//www.sainsburys.co.uk/wcsstore7.28.113/SainsburysStorefrontAssetStore/js/dojo.1.7.1/dojo/dojo.js"></script>


<script type="text/javascript">"undefined"==typeof digitalData&&(digitalData={event:[]}),digitalData.event.push=function(){for(var t=0,e=arguments.length;e>t;t++)this[this.length]=arguments[t];var n="s_"+arguments[0].eventInfo.eventName;if(void 0!=n){var a=null;try{a=new Event(n,{bubbles:!0,cancelable:!1})}catch(i){a=document.createEvent("Event"),a.initEvent(n,!0,!1)}document.addEventListener?document.addEventListener(n,function(t){},!1):document.attachEvent(n,function(t){}),document.dispatchEvent(a)}return this.length};</script>
<script type="text/javascript" src="//www.sainsburys.co.uk/wcsstore7.28.113/SainsburysStorefrontAssetStore/js/sainsburys.js"></script>


<script type="text/javascript">require(["dojo/parser", "dijit/layout/AccordionContainer", "dijit/layout/ContentPane", "dojox/widget/AutoRotator", "dojox/widget/rotator/Fade"]);</script>
<script type="text/javascript" src="//www.sainsburys.co.uk/wcsstore7.28.113/SainsburysStorefrontAssetStore/wcassets/groceries/scripts/page/faq.js"></script>



    <style id="antiCJ">.js body{display:none !important;}</style>
    <script type="text/javascript">if (self === top) {var antiCJ = document.getElementById("antiCJ");antiCJ.parentNode.removeChild(antiCJ);} else {top.location = self.location;}</script>


<script type="text/javascript" src="//www.sainsburys.co.uk/wcsstore7.28.113/SainsburysStorefrontAssetStore/psp247/247tag.PROD.js" async="true"></script>

<!-- Maxymiser script start -->
<script type="text/javascript" src="//service.maxymiser.net/cdn/sainsburyscoUK/js/mmcore.js">
</script>
<!-- Maxymiser script end --><!-- END CommonJSToInclude.jspf -->
</head>

<body id="shelfPage" class="shelfPage">
<div id="page">
    <!-- BEGIN StoreCommonUtilities.jspf --><!-- END StoreCommonUtilities.jspf --><!-- Header Nav Start --><!-- BEGIN LayoutContainerTop.jspf --><!-- BEGIN HeaderDisplay.jspf --><!-- BEGIN CachedHeaderDisplay.jsp -->

<ul id="skipLinks">
    <li><a href="#content">Skip to main content</a></li>
    <li><a href="#groceriesNav">Skip to groceries navigation menu</a></li>
    
</ul>

<div id="globalHeaderContainer">
    <div class="header globalHeader" id="globalHeader">
        <div class="globalNav">
	<ul>
		<li>		
			<a href="http://www.sainsburys.co.uk">
			    Explore more at Sainsburys.co.uk
			</a>
		</li>
		<li>
			<a href="http://help.sainsburys.co.uk" rel="external" class="helpCentre">
			    
                Help Centre 
			</a>
		</li>
		<li>
			<a href="http://stores.sainsburys.co.uk" rel="external" class="soteLocator">
                Store Locator 
			</a>
		</li>
		<li class="loginRegister">
			 
				    
					<a href="https://www.sainsburys.co.uk/shop/LogonView?catalogId=10123&logonCallerId=LogonButton&langId=44&storeId=10151&URL=https%3A%2F%2Fwww.sainsburys.co.uk%2Fshop%2FMyAccount%3FlangId%3D44%26storeId%3D10151" class="login">
						
                        Log in 
					</a>
					<span class="navSeparator"></span>
					<a href="https://www.sainsburys.co.uk/shop/PostcodeCheckView?catalogId=10123&currentPageUrl=http%3A%2F%2Fwww.sainsburys.co.uk%2Fshop%2FProductDisplay%3FcatalogId%3D10123%26level%3D2%26errorViewName%3DProductDisplayErrorView%26langId%3D44%26categoryId%3D12553%26productId%3D138232%26storeId%3D10151&langId=44&storeId=10151" class="register">
                        
                        Register 
                    </a>
				
<div class="globalHeaderTrolleyLink">
        
     
     <a id="checkoutLink" href="https://www.sainsburys.co.uk/shop/OrderCalculate?updatePrices=1&calculationUsage=-1%2C-2%2C-3&errorViewName=AjaxOrderItemDisplayView&orderId=.&langId=44&storeId=10151&URL=AjaxOrderItemDisplayView" class="">
        <span id="itemsInTrolleyContainer" class="itemsInTrolley  hidden ">
            <span id="itemsInTrolley">0</span><span class="access">&nbsp;items in trolley</span>
        </span>
		
        <span class="subTotal">
            <span class="access">Sub-total: </span><span id="trolleySubTotal" class="">Â£0.00</span><span class="access">&nbsp;excluding delivery charge</span>
        </span>        
        <span id="trolleyIcon" class="trolleyIcon "></span>        
        
        <span class="access">
            Full trolley
        </span>
     </a>
</div>
 
		</li>
	</ul>
</div>

	    <div class="globalHeaderLogoSearch">
	        <!-- BEGIN LogoSearchNavBar.jspf -->

<a href="http://www.sainsburys.co.uk/shop/gb/groceries" class="mainLogo"><img src="/wcsstore/SainsburysStorefrontAssetStore/img/logo_sainsburys.svg" alt="Sainsbury's" /></a>
<a class="findMultiProduct" href="https://www.sainsburys.co.uk/shop/ShoppingListDisplay?catalogId=10123&action=ShoppingListDisplay&urlLangId=&langId=44&storeId=10151">Multi-product search</a>

<!-- END LogoSearchNavBar.jspf -->
        </div>
        <div id="groceriesNav" class="groceriesNav">
            <div class="mainNavBlock">
            
	            <ul class="mainNav">
	                <li class="mainNavItem" id="groceriesTopMenu">
	                    
	                            <a class="mainNavLink active" href="https://www.sainsburys.co.uk/shop/gb/groceries">Groceries<span id="mainNavArrow" class="mainNavArrowIconDown"></span></a>
	                        
	                </li> 
	                <li class="mainNavItem">
	                    
                <a class="mainNavLink" href="https://www.sainsburys.co.uk/shop/gb/groceries/favourites">Favourites</a>
            
	                      
	                </li>
	                <li class="mainNavItem">
	                    
	                          <a class="mainNavLink" href="https://www.sainsburys.co.uk/shop/gb/groceries/great-offers">Great Prices</a>
	                        
	                </li>
	                <li class="mainNavItem">
	                    
	                           <a class="mainNavLink" href="https://www.sainsburys.co.uk/shop/gb/groceries/discover">Discover</a>
	                        
	                </li>
	                
	                <li class="mainNavItem">
	                    
	                           <a class="mainNavLink" href="http://recipes.sainsburys.co.uk">Recipes</a>
	                        
	                </li>
	                
	                <li class="mainNavItem">
	                
		                    <a class="mainNavLink" href="/shop/gb/saver" target="_blank" >Delivery Pass</a>
		                
	                </li>
	                
		                <li class="mainNavItem">
	                        
	                                <a class="mainNavLink" href="https://www.sainsburys.co.uk/shop/gb/groceries/new---trending/fathers-day-?shoppingAreaId=Father&#039;s Day">Father&#039;s Day</a>                            
	                            
		                </li>
	                
	            </ul>
	            <div class="searchBox" role="search">
				    

    <form name="sol_search" method="get" action="SearchDisplay" id="globalSearchForm">

        <input type="hidden" name="viewTaskName" value="CategoryDisplayView" />
        <input type="hidden" name="recipesSearch" value="true" />
        <input type="hidden" name="orderBy" value="RELEVANCE" />

        
              <input type="hidden" name="favouritesSelection" value="0"/>
          
              <input type="hidden" name="langId" value="44"/>
          
              <input type="hidden" name="storeId" value="10151"/>
          
        
        <label for="search" class="access">Search for products</label>
        <input type="search" name="searchTerm" id="search" maxlength="150" value="" autocomplete="off" placeholder="Search products" />
        <button type="button" id="clearSearch" class="clearSearch hidden">Clear the search field</button>
        <input type="submit" class="" name="searchSubmit" id="searchSubmit" value="Search" />
    </form>
  
				
				</div>
			</div>
            
			    <div id="megaNavOverlay" class="megaNavOverlay hidden">
			        

 <div class="megaNav" id="groceriesNavMenu">
 
    <div class="megaNavMobileActions hidden" id="megaNavMobileActions">
	    
        <a class="buttonSecondary myAccountLink" href="https://www.sainsburys.co.uk/shop/MyAccount?langId=44&storeId=10151">
            My account
        </a>
        <div class="separator"></div>
        
        <a class="buttonSecondary logoutLink" href="https://www.sainsburys.co.uk/shop/preLogOff?catalogId=10123&previousPageUrl=http%3A%2F%2Fwww.sainsburys.co.uk%2Fshop%2FProductDisplay%3FcatalogId%3D10123%26level%3D2%26errorViewName%3DProductDisplayErrorView%26langId%3D44%26categoryId%3D12553%26productId%3D138232%26storeId%3D10151&langId=44&storeId=10151&logOutClicked=true">
            Log out
        </a>
	       
    </div>
    
    
    <div class="megaNavInner" id="megaNavInner">
        <ul class="megaNavList megaNavLevelZero hidden" id="megaNavLevelZero">
            <li class="megaNavListItem listHeader">
                <div class="megaNavLink">Browse</div>
            </li>
            <li class="megaNavListItem" id="groceriesLevelZeroLink">
                <a class="megaNavLink">Groceries<span class="megaNavArrowIcon"></span></a>
            </li>
            
                <li class="megaNavListItem">
                    <a class="megaNavLink" href="LogonView?fromFooterMyAccountLink=true&logonCallerId=LogonButton&isDeliveryPoscodeValid=false&storeId=10151&URL=">Favourites</a>
                </li>
              
            <li class="megaNavListItem">
                <a class="megaNavLink" href="https://www.sainsburys.co.uk/shop/gb/groceries/great-offers">Great Prices</a>
            </li>
            <li class="megaNavListItem">
                <a class="megaNavLink" href="https://www.sainsburys.co.uk/shop/gb/groceries/discover">Discover</a>
            </li>
            
            <li class="megaNavListItem">
                <a class="megaNavLink" href="http://recipes.sainsburys.co.uk">Recipes</a>
            </li>
            
                    <li class="megaNavListItem">
	                    <a class="megaNavLink" href="https://www.sainsburys.co.uk/shop/PostcodeCheckView?catalogId=10123&currentPageUrl=http%3A%2F%2Fwww.sainsburys.co.uk%2Fshop%2FProductDisplay%3FcatalogId%3D10123%26level%3D2%26errorViewName%3DProductDisplayErrorView%26langId%3D44%26categoryId%3D12553%26productId%3D138232%26storeId%3D10151&langId=44&storeId=10151">Book Delivery</a>
	                </li>
	                 
            <li class="megaNavListItem">
                
                        <a class="megaNavLink" href="/shop/gb/saver" target="_blank" >Delivery Pass</a>
                    
           </li>       
        </ul><!--  
        
        --><ul class="megaNavList megaNavLevelOne " id="megaNavLevelOne">
            <li class="megaNavListItem megaNavBackLinkItemElm hidden" data-itemid="backLinkItem">
                <a class="megaNavLink megaNavBackLink" data-itemid="backLinkItem" href="#"><span class="megaNavleftArrowIcon"></span>Back</a>
            </li>
            <li class="megaNavListItem hidden" id="megaNavGroceriesHomeLinkItem">
                <a class="megaNavLink megaNavGroceriesHomeLink" id="megaNavGroceriesHomeLink" data-itemId="" href="https://www.sainsburys.co.uk/shop/MobileHomeView?langId=44&storeId=10151">Groceries home</span></a>
            </li>
            
            
	             <li class="megaNavListItem" data-itemId="355372" >
	                <a class="megaNavLink "  data-itemId="355372" href="https://www.sainsburys.co.uk/shop/gb/groceries/new---trending?fromMegaNav=1">New & trending<span class="megaNavArrowIcon"></span></a>
	            </li>
	            
                
	             <li class="megaNavListItem" data-itemId="383889" >
	                <a class="megaNavLink "  data-itemId="383889" href="https://www.sainsburys.co.uk/shop/gb/groceries/summer-bbq-?fromMegaNav=1">Summer BBQ<span class="megaNavArrowIcon"></span></a>
	            </li>
	            
                
	             <li class="megaNavListItem" data-itemId="374853" >
	                <a class="megaNavLink "  data-itemId="374853" href="https://www.sainsburys.co.uk/shop/gb/groceries/holiday-shop-?fromMegaNav=1">Holiday shop<span class="megaNavArrowIcon"></span></a>
	            </li>
	            
                
	             <li class="megaNavListItem" data-itemId="12518" >
	                <a class="megaNavLink "  data-itemId="12518" href="https://www.sainsburys.co.uk/shop/gb/groceries/fruit-veg?fromMegaNav=1">Fruit & vegetables<span class="megaNavArrowIcon"></span></a>
	            </li>
	            
                
	             <li class="megaNavListItem" data-itemId="13343" >
	                <a class="megaNavLink "  data-itemId="13343" href="https://www.sainsburys.co.uk/shop/gb/groceries/meat-fish?fromMegaNav=1">Meat & fish<span class="megaNavArrowIcon"></span></a>
	            </li>
	            
                
	             <li class="megaNavListItem" data-itemId="267396" >
	                <a class="megaNavLink "  data-itemId="267396" href="https://www.sainsburys.co.uk/shop/gb/groceries/dairy?fromMegaNav=1">Dairy<span class="megaNavArrowIcon"></span></a>
	            </li>
	            
                
	             <li class="megaNavListItem" data-itemId="267397" >
	                <a class="megaNavLink "  data-itemId="267397" href="https://www.sainsburys.co.uk/shop/gb/groceries/chilled-?fromMegaNav=1">Chilled<span class="megaNavArrowIcon"></span></a>
	            </li>
	            
                
	             <li class="megaNavListItem" data-itemId="12320" >
	                <a class="megaNavLink "  data-itemId="12320" href="https://www.sainsburys.co.uk/shop/gb/groceries/bakery?fromMegaNav=1">Bakery<span class="megaNavArrowIcon"></span></a>
	            </li>
	            
                
	             <li class="megaNavListItem" data-itemId="218831" >
	                <a class="megaNavLink "  data-itemId="218831" href="https://www.sainsburys.co.uk/shop/gb/groceries/frozen-?fromMegaNav=1">Frozen<span class="megaNavArrowIcon"></span></a>
	            </li>
	            
                
	             <li class="megaNavListItem" data-itemId="12422" >
	                <a class="megaNavLink "  data-itemId="12422" href="https://www.sainsburys.co.uk/shop/gb/groceries/food-cupboard?fromMegaNav=1">Food cupboard<span class="megaNavArrowIcon"></span></a>
	            </li>
	            
                
	             <li class="megaNavListItem" data-itemId="340854" >
	                <a class="megaNavLink "  data-itemId="340854" href="https://www.sainsburys.co.uk/shop/gb/groceries/beer-wine-and-spirits-?fromMegaNav=1">Beer, wine & spirits<span class="megaNavArrowIcon"></span></a>
	            </li>
	            
                
	             <li class="megaNavListItem" data-itemId="12192" >
	                <a class="megaNavLink "  data-itemId="12192" href="https://www.sainsburys.co.uk/shop/gb/groceries/drinks?fromMegaNav=1">Drinks<span class="megaNavArrowIcon"></span></a>
	            </li>
	            
                
	             <li class="megaNavListItem" data-itemId="12448" >
	                <a class="megaNavLink "  data-itemId="12448" href="https://www.sainsburys.co.uk/shop/gb/groceries/health-beauty?fromMegaNav=1">Health & beauty<span class="megaNavArrowIcon"></span></a>
	            </li>
	            
                
	             <li class="megaNavListItem" data-itemId="11651" >
	                <a class="megaNavLink "  data-itemId="11651" href="https://www.sainsburys.co.uk/shop/gb/groceries/baby-toddler-products?fromMegaNav=1">Baby & toddler<span class="megaNavArrowIcon"></span></a>
	            </li>
	            
                
	             <li class="megaNavListItem" data-itemId="12564" >
	                <a class="megaNavLink "  data-itemId="12564" href="https://www.sainsburys.co.uk/shop/gb/groceries/household?fromMegaNav=1">Household<span class="megaNavArrowIcon"></span></a>
	            </li>
	            
                
	             <li class="megaNavListItem" data-itemId="12298" >
	                <a class="megaNavLink "  data-itemId="12298" href="https://www.sainsburys.co.uk/shop/gb/groceries/pet?fromMegaNav=1">Pet<span class="megaNavArrowIcon"></span></a>
	            </li>
	            
                
	             <li class="megaNavListItem" data-itemId="281806" >
	                <a class="megaNavLink "  data-itemId="281806" href="https://www.sainsburys.co.uk/shop/gb/groceries/home?fromMegaNav=1">Home & outdoor<span class="megaNavArrowIcon"></span></a>
	            </li>
	            
                
        </ul><!--  

        
        --><ul class="megaNavList megaNavLevelTwo" id="megaNavLevelTwo">
            
        </ul><!--  

        
        --><ul class="megaNavList megaNavLevelThree" id="megaNavLevelThree"></ul><!-- 
        
        
         --><ul class="megaNavList megaNavLevelFour" id="megaNavLevelFour"></ul>
    </div>
</div>
			    </div>
			    <div class="megaNavOverlayMaskElem megaNavOverlayMask hidden" id="megaNavOverlayMask"></div>    
			
                    <p class="access  jsHide">Groceries Categories</p>
                    <hr class=" jsHide"/>
                    <div class="subNav jsHide" >
                        <ul>
                            
                                <li>
                                    
                                            <a href="https://www.sainsburys.co.uk/shop/gb/groceries/new---trending">New &amp; trending</a>
                                         
                                   </li>
                              
                                <li>
                                    
                                            <a href="https://www.sainsburys.co.uk/shop/gb/groceries/summer-bbq-">Summer BBQ</a>
                                         
                                   </li>
                              
                                <li>
                                    
                                            <a href="https://www.sainsburys.co.uk/shop/gb/groceries/holiday-shop-">Holiday shop</a>
                                         
                                   </li>
                              
                                <li>
                                    
                                            <a class="active" href="https://www.sainsburys.co.uk/shop/gb/groceries/fruit-veg">Fruit &amp; vegetables</a>
                                             
                                   </li>
                              
                                <li>
                                    
                                            <a href="https://www.sainsburys.co.uk/shop/gb/groceries/meat-fish">Meat &amp; fish</a>
                                         
                                   </li>
                              
                                <li>
                                    
                                            <a href="https://www.sainsburys.co.uk/shop/gb/groceries/dairy">Dairy</a>
                                         
                                   </li>
                              
                                <li>
                                    
                                            <a href="https://www.sainsburys.co.uk/shop/gb/groceries/chilled-">Chilled</a>
                                         
                                   </li>
                              
                                <li>
                                    
                                            <a href="https://www.sainsburys.co.uk/shop/gb/groceries/bakery">Bakery</a>
                                         
                                   </li>
                              
                                <li>
                                    
                                            <a href="https://www.sainsburys.co.uk/shop/gb/groceries/frozen-">Frozen</a>
                                         
                                   </li>
                              
                                <li>
                                    
                                            <a href="https://www.sainsburys.co.uk/shop/gb/groceries/food-cupboard">Food cupboard</a>
                                         
                                   </li>
                              
                                <li>
                                    
                                            <a href="https://www.sainsburys.co.uk/shop/gb/groceries/beer-wine-and-spirits-">Beer, wine &amp; spirits</a>
                                         
                                   </li>
                              
                                <li>
                                    
                                            <a href="https://www.sainsburys.co.uk/shop/gb/groceries/drinks">Drinks</a>
                                         
                                   </li>
                              
                                <li>
                                    
                                            <a href="https://www.sainsburys.co.uk/shop/gb/groceries/health-beauty">Health &amp; beauty</a>
                                         
                                   </li>
                              
                                <li>
                                    
                                            <a href="https://www.sainsburys.co.uk/shop/gb/groceries/baby-toddler-products">Baby &amp; toddler</a>
                                         
                                   </li>
                              
                                <li>
                                    
                                            <a href="https://www.sainsburys.co.uk/shop/gb/groceries/household">Household</a>
                                         
                                   </li>
                              
                                <li>
                                    
                                            <a href="https://www.sainsburys.co.uk/shop/gb/groceries/pet">Pet</a>
                                         
                                   </li>
                              
                                <li>
                                    
                                            <a href="https://www.sainsburys.co.uk/shop/gb/groceries/home">Home &amp; outdoor</a>
                                         
                                   </li>
                              
                        </ul>
                    </div>
                
        </div>    
        
    </div>
</div>

<!-- Generated on: Sat Jun 16 03:41:02 BST 2018  -->
<!-- END CachedHeaderDisplay.jsp --><!-- END HeaderDisplay.jspf --><!-- END LayoutContainerTop.jspf --><!-- Header Nav End --><!-- Main Area Start -->
    <div id="main">
        <!-- Content Start -->
        <div class="article" id="content">
            <!--  START BreadCrumbTrailDisplay.jsp -->
                  <div class="nav breadcrumb" id="breadcrumbNav">
                    <p class="access">You are here:</p>  
                    <ul id="breadcrumbNavList">
                        
<li class="first"><span class="corner"></span><a href="https://www.sainsburys.co.uk/shop/gb/groceries/fruit-veg"><span>Fruit & vegetables</span></a>
    
        <span class="arrow"></span>
    
    <div>
        <p>Select an option:</p>
        <ul>
            
                <li><a href="https://www.sainsburys.co.uk/shop/gb/groceries/fruit-veg/eat-the-rainbow">Eat the rainbow</a></li>
            
                <li><a href="https://www.sainsburys.co.uk/shop/gb/groceries/fruit-veg/top-sellers">Top sellers</a></li>
            
                <li><a href="https://www.sainsburys.co.uk/shop/gb/groceries/fruit-veg/new-in-season">Best in season</a></li>
            
                <li><a href="https://www.sainsburys.co.uk/shop/gb/groceries/fruit-veg/flowers---seeds">Flowers & plants</a></li>
            
                <li><a href="https://www.sainsburys.co.uk/shop/gb/groceries/fruit-veg/carb-alternatives">Carb alternatives</a></li>
            
                <li><a href="https://www.sainsburys.co.uk/shop/gb/groceries/fruit-veg/fresh-fruit">Fresh fruit</a></li>
            
                <li><a href="https://www.sainsburys.co.uk/shop/gb/groceries/fruit-veg/fresh-vegetables">Fresh vegetables</a></li>
            
                <li><a href="https://www.sainsburys.co.uk/shop/gb/groceries/fruit-veg/fresh-salad">Fresh salad</a></li>
            
                <li><a href="https://www.sainsburys.co.uk/shop/gb/groceries/fruit-veg/fresh-herbs-ingredients">Fresh herbs & ingredients</a></li>
            
                <li><a href="https://www.sainsburys.co.uk/shop/gb/groceries/fruit-veg/prepared-ready-to-eat">Prepared fruit, veg & salad</a></li>
            
                <li><a href="https://www.sainsburys.co.uk/shop/gb/groceries/fruit-veg/organic">Organic</a></li>
            
                <li><a href="https://www.sainsburys.co.uk/shop/gb/groceries/fruit-veg/taste-the-difference-185761-44">Taste the Difference</a></li>
            
                <li><a href="https://www.sainsburys.co.uk/shop/gb/groceries/fruit-veg/fruit-veg-fairtrade">Fairtrade</a></li>
            
                <li><a href="https://www.sainsburys.co.uk/shop/gb/groceries/fruit-veg/frozen-fruit---vegetables">Frozen fruit & vegetables</a></li>
            
        </ul>
    </div>
</li>

            <li class="second"><a href="https://www.sainsburys.co.uk/shop/gb/groceries/fruit-veg/fresh-fruit"><span>Fresh fruit</span></a> <span class="arrow"></span>
                <div>
                <p>Select an option:</p>
                    <ul>
                        
                            <li><a href="https://www.sainsburys.co.uk/shop/gb/groceries/fruit-veg/all-fruit">All fruit</a></li>
                        
                            <li><a href="https://www.sainsburys.co.uk/shop/gb/groceries/fruit-veg/ripe---ready">Ripe & ready</a></li>
                        
                            <li><a href="https://www.sainsburys.co.uk/shop/gb/groceries/fruit-veg/bananas-grapes">Bananas & grapes</a></li>
                        
                            <li><a href="https://www.sainsburys.co.uk/shop/gb/groceries/fruit-veg/apples-pears-rhubarb">Apples, pears & rhubarb</a></li>
                        
                            <li><a href="https://www.sainsburys.co.uk/shop/gb/groceries/fruit-veg/berries-cherries-currants">Berries, cherries & currants</a></li>
                        
                            <li><a href="https://www.sainsburys.co.uk/shop/gb/groceries/fruit-veg/citrus-fruit">Citrus fruit</a></li>
                        
                            <li><a href="https://www.sainsburys.co.uk/shop/gb/groceries/fruit-veg/nectarines-plums-apricots-peaches">Nectarines, plums, apricots & peaches</a></li>
                        
                            <li><a href="https://www.sainsburys.co.uk/shop/gb/groceries/fruit-veg/melon-pineapple-kiwi">Kiwi & pineapple</a></li>
                        
                            <li><a href="https://www.sainsburys.co.uk/shop/gb/groceries/fruit-veg/melon---mango">Melon & mango</a></li>
                        
                            <li><a href="https://www.sainsburys.co.uk/shop/gb/groceries/fruit-veg/mango-exotic-fruit-dates-nuts">Papaya, pomegranate & exotic fruit</a></li>
                        
                            <li><a href="https://www.sainsburys.co.uk/shop/gb/groceries/fruit-veg/dates--nuts---figs">Dates, nuts & figs</a></li>
                        
                            <li><a href="https://www.sainsburys.co.uk/shop/gb/groceries/fruit-veg/ready-to-eat">Ready to eat fruit</a></li>
                        
                            <li><a href="https://www.sainsburys.co.uk/shop/gb/groceries/fruit-veg/organic-fruit">Organic fruit</a></li>
                        
                            <li><a href="https://www.sainsburys.co.uk/shop/gb/groceries/fruit-veg/special-offers-279819-44">Special offers</a></li>
                        
                    </ul>
                </div>
            </li>
        
    <li class="third"><a href="https://www.sainsburys.co.uk/shop/gb/groceries/fruit-veg/berries-cherries-currants"><span>Berries, cherries & currants</span></a>
        
    </li>
    
                    </ul>
                  </div>
                <!--  END BreadCrumbTrailDisplay.jsp --><!-- BEGIN MessageDisplay.jspf --><!-- END MessageDisplay.jspf --><!--  getting ready for shelf import  --><!-- BEGIN ShelfDisplay.jsp -->
	       <script type="text/javascript">
	           var image = document.createElement('img')
	           image.src = '//b.hlserve.com/beacon?fid=425&hl_qs=E278T8VGi12WNXlfObN3JgyVWXxTFSBLrZ5GpETuw%2fzUmvdwLBsiyV0GgrfiMnFwvXxvNHo4nnH8Pdx9sL8Uhse%2fByHxXF5Y7y3lBtUEj7hRtOYTMjN0sR8MNEkOpvnNxUb%2bSQXxz2j9id8haXILhJDCSCTtk%2bBiro7NZE2aenQbK4YbXPWF%2bnOeUJH16Pv%2fm2lKpFB4uXyIZ29B3rPR6bhOeaRJlKj5lKY2IjuqLwCKvsN77vSU0r0YD4R2lfzLTCvQm%2f10DbEyB7Lf58Iq%2bLxUb10LSty%2fdy1s1x7YNc22Cbo%2fpRf0Dr0QwnMAKNtvUKQFp2BLDA9jOZzpSId40DtKT%2bQbqcpYkcfBL7MtzjUDKW2S3Vj1D0ZydpKVaniCumsbo4iOmwi8CUcgFk5NXDSTnZ711h557lvWOIRIEVFFkl9%2fUkbvU3YQjDHJCLnmoN2SXf%2bUUhktWNW5WE%2btPXKOhJnC5MBYpcvXMUISHHMjPFdBDknz5hzn4l6Yk2St%2bvAF92Mavh3P5T%2fwf6hDA1VftWc39e4oxPFl7qxqPxVeBT18gK7BflLDhFz0p2icpK2Om%2fqqseYlfpR9lgO0yATMm87bM0C2Gqke4MGbpROvVEdv%2fmPN000VqGJh0DQ1yOhIAGmc017qTbDV%2b2%2fncI9sZ%2fPNokWzmRtsVrvQxRsS101cWYHH0%2bK5aCVv%2fjZVq0cxeDqzbPYXNpdYyYRKaSE2GGxX2ymDQF9HkyK91nAxwj5lyOM%2bx8hrJYNS5Z5tERwL%2fJOgj9RIzrUNPbW97xWHgwUpqV%2f0gaiLws8f3UZlKAejh1BZIc4MfQdTkIyIQJqYg2EbCe%2fiO5EAHULz9z4dxMdOh%2bcDk7oBRGGX5RQ1wJoGYIFes0nqsubEWDgPtEicspxipYrsFalZnDZ05AdV4Cz9hW73KdoeziYUGLw6kW2Li%2bO8kNINVmydiI5hlbqUkepYMlTYRsJcBhMBVJw5TqKmvV6az9zl2FRldnpiIOy6n7%2b2RhuxE6BQkHJ7TQ5RJ%2bLIiOVKmoYB14CGmIjOPzW4sL9czJNWFz5a5rOVzHr6WXW1g2ZQkjaSHIo%2ftE8X8cKSXi%2fSFP6Jh6uC3pk68KxXkg7XoIy0gFlalUOWiZ1WhYBVkXCr4cPM2zawavgGCw9Ew2Ty8NXi4WS0E1CtQEfAVpPhDAj8YGBhAK5cSQlEF2Cdtvjdro7LrcgHH7g9U2e1mJkCknQpCO%2fv4PNQvzC6iB6hLCnuec0Xgdx9KQWOpLHHAm9tpEFM%2bHYXqCz2M8HspAFe2BXvWxicwYe2NUNv18mXseKJz8x4a2wkqi4dCKXeh7PK84CavOWWLVZlC3B8xQnW9e7PWOdK2m7VNHxn3i9vnyzo8aCrTnBB3%2b4YXdDMnUxjOrTT4lqCgYKZBY0aDTYC%2bdp1hJFAcZNt5Jb2%2b%2fea9ROu8uNfoy8Hu4qw0lBcUJ0v8yfB%2bsDuW4K0%2bAhyX9sCODXS%2ff7JH4bScT1xZy7lopDvK0nqfxrGjSyIHwNGrrvIIabIZzC2W70nr4yzt65K%2fCcQg2B8t5JlGToaojISOygNp1RrMPjbF%2fTeNdxRmcDJnBRcn5bUeUO06RguBy2kS7ej5iwZcj4IfUaeUDnpJSSeB0riLNJtvxaKzjxZmeS5bcah81ZgWlH%2fpudoClFf7V%2fPCueJrOD6wsuh56ESpVJvlkp%2fPU26tQKnmqdrRvMIU2esRDCHxsoBLCchMKS03UpD%2bb2ncXFn6bYJLRa0FxN%2fqHCSulO5j5IOtVUtfVsiViqqHZbxvVc9tsrRa6d2p%2bpQcfTPdqgIt%2bmsycb3LJ6KE9gdUJ%2blXlg98YLLEvoN6h2UDerHl1XrTIrMzT579w0cEKV6Dw%3d%3d&ev=1&action=page&origc=A&pid=b63b79d3-5d20-4edf-b3fd-ab88fce8e4ad&rn=884893839&hmguid=04872f71-a880-4bc7-a4c7-89bcfeb6e593'
	       </script>
	   

<div class="section">
    
    <h1 id="resultsHeading" class="resultsHeading">
        Berries, cherries & currants&nbsp;(21 products available)
    </h1> 

    
    <div class="section eSpotContainer topESpots">   
    

       <!--  Right POD Espot Name = Z_Default_Espot_Content-->
       <!-- START ZDASPODDisplay.jsp -->

<div id="sitecatalyst_ESPOT_NAME_Z_Default_Espot_Content" class="siteCatalystTag">Z_Default_Espot_Content</div>

<!-- START MarketingSpotActivityDataDisplay.jspf --><!-- END MarketingSpotActivityDataDisplay.jspf --><!-- END ZDASPODDisplay.jsp -->
    </div>
    <!-- DEBUG: shelfTopLeftESpotName = Z:FRUIT_AND_VEGETABLES/D:FRESH_FRUIT/A:BERRIES_CHERRIES_AND_CURRANTS/Shelf_Top_Left --><!-- DEBUG: shelfTopRightESpotName = Z:FRUIT_AND_VEGETABLES/D:FRESH_FRUIT/A:BERRIES_CHERRIES_AND_CURRANTS/Shelf_Top_Right -->
    <div class="eSpotContainer">
    
    <div id="sitecatalyst_ESPOT_NAME_Z:FRUIT_AND_VEGETABLES/D:FRESH_FRUIT/A:BERRIES_CHERRIES_AND_CURRANTS/Shelf_Top_Left" class="siteCatalystTag">Z:FRUIT_AND_VEGETABLES/D:FRESH_FRUIT/A:BERRIES_CHERRIES_AND_CURRANTS/Shelf_Top_Left</div>

    <div id="sitecatalyst_ESPOT_NAME_Z:FRUIT_AND_VEGETABLES/D:FRESH_FRUIT/A:BERRIES_CHERRIES_AND_CURRANTS/Shelf_Top_Right" class="siteCatalystTag">Z:FRUIT_AND_VEGETABLES/D:FRESH_FRUIT/A:BERRIES_CHERRIES_AND_CURRANTS/Shelf_Top_Right</div>

</div>
</div>

        <div class="section" id="filterContainer">
            <!-- FILTER SECTION STARTS HERE--><!-- BEGIN BrowseFacetsDisplay.jspf--><!-- Start Filter -->
	    <h2 class="access">Product filter options</h2>
        <div class="filterSlither">
            <div class="filterCollapseBar">
                <div class="noFlexComponent">
	                <a href="#filterOptions" id="showHideFilterSlither" aria-controls="filterOptions">
		                Filter your list
	                </a>
	                <span class="quantitySelected" id="quantitySelected" role="status" aria-live="assertive" aria-relevant="text">
	                    
	                </span>
	                <a href="https://www.sainsburys.co.uk/shop/CategoryDisplay?pageSize=36&catalogId=10123&orderBy=FAVOURITES_ONLY%7CTOP_SELLERS&facet=&top_category=12518&parent_category_rn=12518&beginIndex=0&categoryId=12563&langId=44&storeId=10151" class="repressive">
	                    Clear filters
	                </a>
	            </div>
            </div>
            
            

			<form class="shelfFilterOptions " id="filterOptions" name="search_facets_form" action="" method="get" class="noFlexComponent">
	            <input type="hidden" value="44" name="langId">
	            <input type="hidden" value="10151" name="storeId">
	            <input type="hidden" value="10123" name="catalogId">
	            <input type="hidden" value="12563" name="categoryId">
	            <input type="hidden" value="12518" name="parent_category_rn">
	            <input type="hidden" value="12518" name="top_category">
	            <input type="hidden" value="36" name="pageSize">
                <input type="hidden" value="FAVOURITES_ONLY|TOP_SELLERS" name="orderBy">
                <input type="hidden" value="" name="searchTerm">
	            <input type="hidden" value="0" name="beginIndex">
                 
                

                <div class="wrapper" id="filterOptionsContainer">
                    
		            

<div class="field options">
    <div class="indicator">
        <p>Options:</p>
    </div>
    <div class="checkboxes">
        
        
            
            <div class="input">
            
            
		                  <input id="globalOptions0" name="facet" type="checkbox" disabled="disabled" value="" aria-disabled="true" />
		               
	                    <label class="favouritesLabel" for="globalOptions0">Favourites</label>
                    
	        </div>
	        
	        
            
            <div class="input">
            
            
		                  <input id="globalOptions1" name="facet" type="checkbox" value="86" />
		               
    	                <label for="globalOptions1">New</label>
		            
	        </div>
	        
	        
            
            <div class="input">
            
            
		                  <input id="globalOptions2" name="facet" type="checkbox" value="88" />
		               
                        <label class="offersLabel" for="globalOptions2">Offers</label>
                    
	        </div>
	        
	        
        
    </div>
    
</div><!-- BEGIN BrandFacetDisplay.jspf -->

<div class="field topBrands">
    <div class="indicator">
        <p>Top Brands:</p>
    </div>
    <div class="checkboxes">
        
        
            <div class="input">
	           
                       <input id="topBrands0" name="facet" type="checkbox" value="887" />
                   
	           <label for="topBrands0">Sainsbury&#039;s</label>
	       </div>
	       
            <div class="input">
	           
                       <input id="topBrands1" name="facet" type="checkbox" value="4294965102" />
                   
	           <label for="topBrands1">SO Organic</label>
	       </div>
	       
            <div class="input">
	           
                       <input id="topBrands2" name="facet" type="checkbox" value="4294966346" />
                   
	           <label for="topBrands2">Taste the Difference</label>
	       </div>
	       
	    
    </div>
</div>

<!-- END BrandFacetDisplay.jspf --><!-- BEGIN TypeFacetDisplay.jspf -->

<div class="field type">
	
	        <div class="indicator">
               <p>Type:</p>
            </div>
	        <div class="checkboxes">
		        
		        
            
                <div class="checkBoxWrapper">
                
		            
		                    
		                    <div class="input">
		                        
		                                <input id="type0" name="facet" type="checkbox" value="4294965865" />
		                            
		                        <label for="type0">Strawberries</label>
		                    </div>
		                    
		                    
		                    
		                    <div class="input">
		                        
		                                <input id="type1" name="facet" type="checkbox" value="4294963004" />
		                            
		                        <label for="type1">Raspberries</label>
		                    </div>
		                    
		                    
		                    
		                    <div class="input">
		                        
		                                <input id="type2" name="facet" type="checkbox" value="4294966352" />
		                            
		                        <label for="type2">Blackberries</label>
		                    </div>
		                    
		                    
		                        </div>
		                        <div class="checkBoxWrapper">
		                    
		                    
		                    <div class="input">
		                        
		                                <input id="type3" name="facet" type="checkbox" value="4294965286" />
		                            
		                        <label for="type3">Blueberries</label>
		                    </div>
		                    
		                    
		                    
		                    <div class="input">
		                        
		                                <input id="type4" name="facet" type="checkbox" value="4294964625" />
		                            
		                        <label for="type4">Cherries</label>
		                    </div>
		                    
		                    
		                    
		                    <div class="input">
		                        
		                                <input id="type5" name="facet" type="checkbox" value="4294963391" />
		                            
		                        <label for="type5">Currants</label>
		                    </div>
		                    
		                    
		        
		        </div>
		        
		    </div>
	        
	    
    
</div>

<!-- END TypeFacetDisplay.jspf -->                    
                </div> 
                
                <!-- BEGIN DietaryFacetDisplay.jspf -->

<div class="filterCollapseBarDietAndLifestyle">
    <a href="#dietAndLifestyle" id="showHideDietAndLifestyle">Dietary & lifestyle options</a>
    <span class="misc">
        (such as vegetarian, organic and British)
    </span>
</div>

<div class="field dietAndLifestyle jsHide" id="dietAndLifestyle">
    <div class="checkboxes">
        
        
            <div class="input">
                
                        <input id="dietAndLifestyle0" name="facet" type="checkbox" value="4294965807" />
                    
                <label for="dietAndLifestyle0">
                   British
                </label>
            </div> 
            
            <div class="input">
                
                        <input id="dietAndLifestyle1" name="facet" type="checkbox" value="4294966045" />
                    
                <label for="dietAndLifestyle1">
                   Organic
                </label>
            </div> 
            

    </div>
</div>

<!-- END DietaryFacetDisplay.jspf -->
            
                <div class="filterActions">
                    <input class="button primary" type="submit" id="applyfilter" name="applyfilter" value="Apply filter" />
                </div>
            </form>
        </div>
        
	<!-- END BrowseFacetsDisplay.jspf--><!-- FILTER SECTION ENDS HERE-->
        </div>
        <div class="section" id="productsContainer">
            <div id="productsOverlay" class="areaOverlay"></div>
            <div id="productLister">
	            
        <h2 class="access">Product pagination</h2>
        <div class="pagination">
    

    <ul class="viewOptions">
        
                <li class="gridSelected">
                    <span class="access">Grid view</span>
                </li>
                <li class="list">
                    <a href="https://www.sainsburys.co.uk/shop/CategoryDisplay?listView=true&amp;orderBy=FAVOURITES_ONLY%7CTOP_SELLERS&amp;parent_category_rn=12518&amp;top_category=12518&amp;langId=44&amp;beginIndex=0&amp;pageSize=36&amp;catalogId=10123&amp;searchTerm=&amp;categoryId=12563&amp;listId=&amp;storeId=10151&amp;promotionId=">
                        <span class="access">List view</span>
                    </a>
                </li>
            
    </ul>


    <form name="search_orderBy_form" action="CategoryDisplay" method="get">
        <input type="hidden" value="44" name="langId">
        <input type="hidden" value="10151" name="storeId">
        <input type="hidden" value="10123" name="catalogId">
        <input type="hidden" value="12563" name="categoryId">
        <input type="hidden" value="36" name="pageSize">
        <input type="hidden" value="0" name="beginIndex">
        
        <input type="hidden" value="" name="promotionId">
        
        <input type="hidden" value="" name="listId">
        <input type="hidden" value="" name="searchTerm">
        <input type="hidden" name="hasPreviousOrder" value="">
        <input type="hidden" name="previousOrderId" value="" />
        <input type="hidden" name="categoryFacetId1" value="" />
        <input type="hidden" name="categoryFacetId2" value="" />
        <input type="hidden" name="bundleId" value="" />

       
        
        <div class="field">
            <div class="indicator">
                <label for="orderBy">Sort by:</label>
            </div>

            
                    <input type="hidden" value="12518" name="parent_category_rn">
                    <input type="hidden" value="12518" name="top_category">
                
            <div class="input">
                <div class="selectWrapper">
	                <select id="orderBy" name="orderBy">
	                    
					            
					            <option value="FAVOURITES_FIRST" >Favourites First</option>
	                            <option value="PRICE_ASC" >Price - Low to High</option>
	                            <option value="PRICE_DESC" >Price - High to Low</option>
	                            <option value="NAME_ASC" >Product Name - A - Z</option>
	                            <option value="NAME_DESC" >Product Name - Z - A</option>
	                            <option value="TOP_SELLERS" >Top Sellers</option>
	                            
	                                <option value="RATINGS_DESC" >Ratings - High to Low</option>
	                            
	                            <option value="NEW" >New</option>
	                        
	                </select>
	                <span></span>
	             </div>
            </div>
        </div>
        <div class="actions">
            <input type="submit" class="button" id="Sort" name="Sort" value="Sort" />
        </div>
    </form>


    <form name="search_pageSize_form" action="CategoryDisplay" method="get">
        <input type="hidden" value="44" name="langId">
        <input type="hidden" value="10151" name="storeId">
        <input type="hidden" value="10123" name="catalogId">
        <input type="hidden" value="12563" name="categoryId">
        <input type="hidden" value="FAVOURITES_ONLY|TOP_SELLERS" name="orderBy">
        <input type="hidden" value="0" name="beginIndex">
        
        <input type="hidden" value="" name="promotionId">
        <input type="hidden" value="" name="listId">
        <input type="hidden" value="" name="searchTerm">
        <input type="hidden" name="hasPreviousOrder" value="">
        <input type="hidden" name="previousOrderId" value="" />
        <input type="hidden" name="categoryFacetId1" value="" />
        <input type="hidden" name="categoryFacetId2" value="" />
        <input type="hidden" name="ImportedProductsCount" value="" />
        <input type="hidden" name="ImportedStoreName" value="" />
        <input type="hidden" name="ImportedSupermarket" value="" />
        <input type="hidden" name="bundleId" value="" />
        
                <input type="hidden" value="12518" name="parent_category_rn">
                <input type="hidden" value="12518" name="top_category">
            
        <div class="field">
          <div class="indicator">
            <label for="pageSize">Per page</label>
          </div>
          <div class="input">
            <div class="selectWrapper">
	            <select id="pageSize" name="pageSize">
	                
	                            <option value="36" selected="selected">36</option>
	                        
	                            <option value="54" >54</option>
	                        
	                            <option value="72" >72</option>
	                        
	                            <option value="90" >90</option>
	                        
	                            <option value="108" >108</option>
	                        
	            </select>
	            <span></span>
	         </div>
          </div>
          </div>
          <div class="actions">
              <input type="submit" class="button" id="Go" name="Go" value="Go" />
          </div>
    </form>

    
    <ul class="pages">
            <li class="previous">
                
                <span class="access">Go to previous page</span>
                
            </li>

        <li class="current"><span class="access">Current page </span><span>1</span></li>
        
            <li class="next">
        
        <span class="access">Go to next page</span>
        
            </li>
    </ul>

       </div>
    
                <h2 class="access">Products</h2>
                
	            <ul class="productLister gridView">
	                <!-- BEGIN MerchandisingAssociationsDisplay.jsp --><!-- Start - JSP File Name:  MerchandisingAssociationsDisplay.jsp -->
    <div class="coverage ranged"></div>
<!-- END MerchandisingAssociationsDisplay.jsp -->
                                
	                            <li class="gridItem">
		                                   <!-- BEGIN CatalogEntryThumbnailDisplay.jsp -->
                    <div id="hasCrossSell_124183"class="product hasCrossSell  highlighted specialOffer"
                    >
                    
                        <div class="productInfo">
                            <div class="productNameAndPromotions">
                                
                                        <h3>
                                            <a href="https://www.sainsburys.co.uk/shop/gb/groceries/berries-cherries-currants/sainsburys-british-strawberries-400g" >
                                                Sainsbury's Strawberries 400g
                                                <img src="//www.sainsburys.co.uk/wcsstore7.28.113/ExtendedSitesCatalogAssetStore/images/catalog/productImages/66/0000001835366/0000001835366_L.jpeg" alt="" />
                                            </a>
                                        </h3>
                                    
    <div class="promotion">
                   
		            <p><a href="https://www.sainsburys.co.uk/shop/PromotionDisplayView?catalogId=10123&langId=44&productId=124182&storeId=10151&promotionId=10311698"><!-- BEGIN include/PromotionStrapline.jspf -->Only Â£1.60: Save 40p<br/>

<!-- FINISH include/PromotionStrapline.jspf -->
		            </a></p>
		                        
    </div>
   
                            </div>
                             
                        </div>
                        
                        
                        
                    
                    <div class="errorBanner hidden" id="error124183"></div>                                 
                    
                    <div class="addToTrolleytabBox">
                        <!-- Start UserSubscribedOrNot.jspf --><!-- Start UserSubscribedOrNot.jsp --><!-- 
			If the user is not logged in, render this opening 
			DIV adding an addtional class to fix the border top which is removed 
			and replaced by the tabs
		-->
		<div class="addToTrolleytabContainer addItemBorderTop">
	<!-- End AddToSubscriptionList.jsp --><!-- End AddSubscriptionList.jspf --><!-- 
                        ATTENTION!!!
                        <div class="addToTrolleytabContainer">
                        This opening div is inside "../../ReusableObjects/UserSubscribedOrNot.jsp"
                        -->
                        
                        <!--  <div class="pricingAndTrolleyFormWrapper"> -->
                    <div class="pricingAndTrolleyOptions">   
                        <div class="priceTab activeContainer priceTabContainer" id="addItem_124183"> 
                            <div class="pricing">
                                
	<p class="pricePerUnit">
    Â£1.60<abbr title="per">/</abbr><abbr title="unit"><span class="pricePerUnitUnit">unit</span></abbr>
</p>
 
    <p class="pricePerMeasure">Â£4.00<abbr 
            title="per">/</abbr><abbr 
            title="kilogram"><span class="pricePerMeasureMeasure">kg</span></abbr>
    </p>

                            </div>                        
                            
                                        <div class="addToTrolleyForm ">                                       
                                            
                                            <!-- BEGIN AddToTrolley.jsp --><!-- fire an on add to bag here from  -->
		
		<form class="addToTrolleyForm" name="OrderItemAddForm_124183" action="OrderItemAdd" method="post" id="OrderItemAddForm_124183" class="addToTrolleyForm">
		    <input type="hidden" name="storeId" value="10151"/>
		    <input type="hidden" name="langId" value="44"/>
		    <input type="hidden" name="catalogId" value="10123"/>
		    
		    
		    <input type="hidden" name="errorViewName" value="CategoryDisplayView"/>
		    <input type="hidden" name="SKU_ID" value="7555699"/>
		    <input type="hidden" name="itemType" value=""/>
		    
		    
	           <input type="hidden" name="ItemSKU_ID" value="7555699"/>
	        
		        <label class="access" for="quantity_124182">Quantity</label>
		        
					<input name="quantity"  id="quantity_124182" type="text" size="3" value="1" class="quantity"   />
				
                    <input type="hidden" name="catEntryId" value="124183"/>
                

		        <input type="hidden" name="productId" value="124182"/>
		        
		
		    <input type="hidden" name="URL" value="https://www.sainsburys.co.uk/webapp/wcs/stores/servlet/CategoryDisplay?langId=44&amp;storeId=10151&amp;krypto=g0CCAERPx%2F40Cyggn3OluE6MDI85EkhssBFXr0H5TvLHlYey%2FjE6O0xJvgrn1iFFzLWWyi3x9Y8uSRKA13TBrMPyZIYLu1HBVqbFxTiDOmV8REkE4FwDCuqrtw9UBXU6VDi7n%2BXgi7Fi3XInrCL7VIMzj89xR3e2R57ixZwIArQ%3D&amp;ddkey=https%3Agb%2Fgroceries%2Ffruit-veg%2Fberries-cherries-currants"/>
		    <input type="hidden" name="page" value=""/>
		    <input type="hidden" name="contractId" value=""/>
		    <input type="hidden" name="calculateOrder" value="1"/>
		    <input type="hidden" name="calculationUsage" value="-1,-2,-3"/>
		    <input type="hidden" name="updateable" value="1"/>
		    <input type="hidden" name="merge" value="***"/>
		     
		   	<input type="hidden" name="callAjax" value="false"/>
		   	
		    
		        <input class="button process"  type="submit" name="Add" value="Add" />
			


		</form>
	<!-- END AddToTrolley.jsp -->
        <div class="numberInTrolley hidden numberInTrolley_124182" id="numberInTrolley_124182">
            
        </div>
    
                                        </div>
                                        
                        </div>
                        <!-- Start AddToSubscriptionList.jspf --><!-- Start AddToSubscriptionList.jsp --><!-- End AddToSubscriptionList.jsp --><!-- End AddToSubscriptionList.jspf -->
                    </div>
                                
                        <!-- </div> -->
                </div>     
            </div>

            
            <div class="strapline">
                <a href="https://www.sainsburys.co.uk/shop/PromotionDisplayView?catalogId=10123&langId=44&productId=124182&storeId=10151&promotionId=10311698"><img src="/wcsstore7.28.113/SainsburysStorefrontAssetStore/wcassets/icons/special/img-special-offer.png" alt="Special Offer" />
                </a>
            </div>
          <!--ThumbnailRestriction -->
                        
               <div id="additionalItems_124183" class="additionalItems">
                    <!-- BEGIN MerchandisingAssociationsDisplay.jsp --><!-- Start - JSP File Name:  MerchandisingAssociationsDisplay.jsp --><!-- BEGIN CatalogEntryThumbnailMerchandisingAssociation.jspf -->                    
                    <div id="sitecatalyst_SELL_TYPE_1095840" class="siteCatalystTag">X-SELL</div>
                    <div class="crossSell">
                        <div class="crossSellTitle">
                            <!-- BEGIN ContentDisplay.jsp -->
	                <img
	                    src='/wcsstore7.28.113/SainsburysStorefrontAssetStore/wcassets/merchandising_associations/have_you_tried_grid_202x32.gif'
	                    alt='wcassets/merchandising_associations/have_you_tried_grid_202x32.gif'
	                    border="0"
	                />
	                <!-- end: ContentDisplay.jsp -->
                        </div>
                        <div class="errorBanner hidden" id="error1241821095841"></div>
                        <div class="crossSellContent">
	                        <div class="pricingAndTrolleyFormWrapper"> 
		                         <div class="pricingReviews">
		                            <div class="pricing">
		                                
	<p class="pricePerUnit">
    Â£2.00<abbr title="per">/</abbr><abbr title="unit"><span class="pricePerUnitUnit">unit</span></abbr>
</p>
 
    <p class="pricePerMeasure">Â£1.34<abbr 
            title="per">/</abbr>100<abbr 
            title="gram"><span class="pricePerMeasureMeasure">g</span></abbr>
    </p>

		                            </div>
		                        </div>
		                        <div class="addToTrolleyForm ">
		                           
		                            <!-- BEGIN AddToTrolley.jsp --><!-- fire an on add to bag here from  -->
		
		<form class="addToTrolleyForm" name="OrderItemAddForm_1095841_124182" action="OrderItemAdd" method="post" id="OrderItemAddForm_124182_1095841" class="addToTrolleyForm">
		    <input type="hidden" name="storeId" value="10151"/>
		    <input type="hidden" name="langId" value="44"/>
		    <input type="hidden" name="catalogId" value="10123"/>
		    
		    
		    <input type="hidden" name="errorViewName" value="CategoryDisplayView"/>
		    <input type="hidden" name="SKU_ID" value="7842730"/>
		    <input type="hidden" name="itemType" value="X-SELL"/>
		    
		    
	           <input type="hidden" name="ItemSKU_ID" value="7842730"/>
	        
		        <label class="access" for="quantity_1095840">Quantity</label>
		        
					<input name="quantity"  id="quantity_1095840" type="text" size="3" value="1" class="quantity"   />
				
                    <input type="hidden" name="catEntryId" value="1095841"/>
                

		        <input type="hidden" name="productId" value="1095840"/>
		        
		
		    <input type="hidden" name="URL" value="https://www.sainsburys.co.uk/webapp/wcs/stores/servlet/CategoryDisplay?langId=44&amp;storeId=10151&amp;krypto=g0CCAERPx%2F40Cyggn3OluE6MDI85EkhssBFXr0H5TvLHlYey%2FjE6O0xJvgrn1iFFzLWWyi3x9Y8uSRKA13TBrMPyZIYLu1HBVqbFxTiDOmV8REkE4FwDCuqrtw9UBXU6VDi7n%2BXgi7Fi3XInrCL7VIMzj89xR3e2R57ixZwIArQ%3D&amp;ddkey=https%3Agb%2Fgroceries%2Ffruit-veg%2Fberries-cherries-currants"/>
		    <input type="hidden" name="page" value=""/>
		    <input type="hidden" name="contractId" value=""/>
		    <input type="hidden" name="calculateOrder" value="1"/>
		    <input type="hidden" name="calculationUsage" value="-1,-2,-3"/>
		    <input type="hidden" name="updateable" value="1"/>
		    <input type="hidden" name="merge" value="***"/>
		     
		   	<input type="hidden" name="callAjax" value="false"/>
		   	
		    
		        <input class="button process"  type="submit" name="Add" value="Add" />
			


		</form>
	<!-- END AddToTrolley.jsp -->
        <div class="numberInTrolley hidden numberInTrolley_1095840" id="numberInTrolley_1095840">
            
        </div>
    
		                        </div>
		                    </div>                
	                        <div class="crossSellInfo">
	                            <h4 class="crossSellName">
                                    <span class="access">Try this product with </span>
	                                <a href="https://www.sainsburys.co.uk/shop/gb/groceries/trek-cocoa-coconut---chocolate-protein-flapjacks-3x50g">
	                                    Trek Cocoa Coconut Protein Flapjacks 3x50g
	                                    <img src="/wcsstore7.28.113/ExtendedSitesCatalogAssetStore/images/catalog/productImages/73/5060088704073/5060088704073_S.jpeg" alt="" />
	                                </a>
	                            </h4>
	                            
    <div class="promotion">
                   
		            <p><a href="https://www.sainsburys.co.uk/shop/PromotionDisplayView?catalogId=10123&langId=44&productId=1095840&storeId=10151&promotionId=10309235"><!-- BEGIN include/PromotionStrapline.jspf -->Only Â£2.00: Save 50p<br/>

<!-- FINISH include/PromotionStrapline.jspf -->
		            </a></p>
		                        
    </div>

	                        </div>
	                    </div>
	                    <!--ThumbnailRestriction -->
                    </div>                
            
                <!-- END CatalogEntryThumbnailMerchandisingAssociation.jspf --><!-- END MerchandisingAssociationsDisplay.jsp --> 
                </div>
        <!-- END CatalogEntryThumbnailDisplay.jsp -->
	                            </li>
                                <!-- BEGIN MerchandisingAssociationsDisplay.jsp --><!-- Start - JSP File Name:  MerchandisingAssociationsDisplay.jsp -->
    <div class="coverage ranged"></div>
<!-- END MerchandisingAssociationsDisplay.jsp -->
                                
	                            <li class="gridItem">
		                                   <!-- BEGIN CatalogEntryThumbnailDisplay.jsp -->
                    <div id="hasCrossSell_124079"class="product hasCrossSell "
                    >
                    
                        <div class="productInfo">
                            <div class="productNameAndPromotions">
                                
                                        <h3>
                                            <a href="https://www.sainsburys.co.uk/shop/gb/groceries/berries-cherries-currants/sainsburys-blueberries-200g" >
                                                Sainsbury's Blueberries 200g
                                                <img src="//www.sainsburys.co.uk/wcsstore7.28.113/SainsburysStorefrontAssetStore/wcassets/product_images/media_7555404_L.jpg" alt="" />
                                            </a>
                                        </h3>
                                       
                            </div>
                             
                        </div>
                        
                        
                        
                    
                    <div class="errorBanner hidden" id="error124079"></div>                                 
                    
                    <div class="addToTrolleytabBox">
                        <!-- Start UserSubscribedOrNot.jspf --><!-- Start UserSubscribedOrNot.jsp --><!-- 
			If the user is not logged in, render this opening 
			DIV adding an addtional class to fix the border top which is removed 
			and replaced by the tabs
		-->
		<div class="addToTrolleytabContainer addItemBorderTop">
	<!-- End AddToSubscriptionList.jsp --><!-- End AddSubscriptionList.jspf --><!-- 
                        ATTENTION!!!
                        <div class="addToTrolleytabContainer">
                        This opening div is inside "../../ReusableObjects/UserSubscribedOrNot.jsp"
                        -->
                        
                        <!--  <div class="pricingAndTrolleyFormWrapper"> -->
                    <div class="pricingAndTrolleyOptions">   
                        <div class="priceTab activeContainer priceTabContainer" id="addItem_124079"> 
                            <div class="pricing">
                                
	<p class="pricePerUnit">
    Â£1.75<abbr title="per">/</abbr><abbr title="unit"><span class="pricePerUnitUnit">unit</span></abbr>
</p>
 
    <p class="pricePerMeasure">Â£8.75<abbr 
            title="per">/</abbr><abbr 
            title="kilogram"><span class="pricePerMeasureMeasure">kg</span></abbr>
    </p>

                            </div>                        
                            
                                        <div class="addToTrolleyForm ">                                       
                                            
                                            <!-- BEGIN AddToTrolley.jsp --><!-- fire an on add to bag here from  -->
		
		<form class="addToTrolleyForm" name="OrderItemAddForm_124079" action="OrderItemAdd" method="post" id="OrderItemAddForm_124079" class="addToTrolleyForm">
		    <input type="hidden" name="storeId" value="10151"/>
		    <input type="hidden" name="langId" value="44"/>
		    <input type="hidden" name="catalogId" value="10123"/>
		    
		    
		    <input type="hidden" name="errorViewName" value="CategoryDisplayView"/>
		    <input type="hidden" name="SKU_ID" value="7555404"/>
		    <input type="hidden" name="itemType" value=""/>
		    
		    
	           <input type="hidden" name="ItemSKU_ID" value="7555404"/>
	        
		        <label class="access" for="quantity_124078">Quantity</label>
		        
					<input name="quantity"  id="quantity_124078" type="text" size="3" value="1" class="quantity"   />
				
                    <input type="hidden" name="catEntryId" value="124079"/>
                

		        <input type="hidden" name="productId" value="124078"/>
		        
		
		    <input type="hidden" name="URL" value="https://www.sainsburys.co.uk/webapp/wcs/stores/servlet/CategoryDisplay?langId=44&amp;storeId=10151&amp;krypto=g0CCAERPx%2F40Cyggn3OluE6MDI85EkhssBFXr0H5TvLHlYey%2FjE6O0xJvgrn1iFFzLWWyi3x9Y8uSRKA13TBrMPyZIYLu1HBVqbFxTiDOmV8REkE4FwDCuqrtw9UBXU6VDi7n%2BXgi7Fi3XInrCL7VIMzj89xR3e2R57ixZwIArQ%3D&amp;ddkey=https%3Agb%2Fgroceries%2Ffruit-veg%2Fberries-cherries-currants"/>
		    <input type="hidden" name="page" value=""/>
		    <input type="hidden" name="contractId" value=""/>
		    <input type="hidden" name="calculateOrder" value="1"/>
		    <input type="hidden" name="calculationUsage" value="-1,-2,-3"/>
		    <input type="hidden" name="updateable" value="1"/>
		    <input type="hidden" name="merge" value="***"/>
		     
		   	<input type="hidden" name="callAjax" value="false"/>
		   	
		    
		        <input class="button process"  type="submit" name="Add" value="Add" />
			


		</form>
	<!-- END AddToTrolley.jsp -->
        <div class="numberInTrolley hidden numberInTrolley_124078" id="numberInTrolley_124078">
            
        </div>
    
                                        </div>
                                        
                        </div>
                        <!-- Start AddToSubscriptionList.jspf --><!-- Start AddToSubscriptionList.jsp --><!-- End AddToSubscriptionList.jsp --><!-- End AddToSubscriptionList.jspf -->
                    </div>
                                
                        <!-- </div> -->
                </div>     
            </div>

            <!--ThumbnailRestriction -->
                        
               <div id="additionalItems_124079" class="additionalItems">
                    <!-- BEGIN MerchandisingAssociationsDisplay.jsp --><!-- Start - JSP File Name:  MerchandisingAssociationsDisplay.jsp --><!-- BEGIN CatalogEntryThumbnailMerchandisingAssociation.jspf -->                    
                    <div id="sitecatalyst_SELL_TYPE_1095840" class="siteCatalystTag">X-SELL</div>
                    <div class="crossSell">
                        <div class="crossSellTitle">
                            <!-- BEGIN ContentDisplay.jsp -->
	                <img
	                    src='/wcsstore7.28.113/SainsburysStorefrontAssetStore/wcassets/merchandising_associations/have_you_tried_grid_202x32.gif'
	                    alt='wcassets/merchandising_associations/have_you_tried_grid_202x32.gif'
	                    border="0"
	                />
	                <!-- end: ContentDisplay.jsp -->
                        </div>
                        <div class="errorBanner hidden" id="error1241821095841"></div>
                        <div class="crossSellContent">
	                        <div class="pricingAndTrolleyFormWrapper"> 
		                         <div class="pricingReviews">
		                            <div class="pricing">
		                                
	<p class="pricePerUnit">
    Â£2.00<abbr title="per">/</abbr><abbr title="unit"><span class="pricePerUnitUnit">unit</span></abbr>
</p>
 
    <p class="pricePerMeasure">Â£1.34<abbr 
            title="per">/</abbr>100<abbr 
            title="gram"><span class="pricePerMeasureMeasure">g</span></abbr>
    </p>

		                            </div>
		                        </div>
		                        <div class="addToTrolleyForm ">
		                           
		                            <!-- BEGIN AddToTrolley.jsp --><!-- fire an on add to bag here from  -->
		
		<form class="addToTrolleyForm" name="OrderItemAddForm_1095841_124182" action="OrderItemAdd" method="post" id="OrderItemAddForm_124182_1095841" class="addToTrolleyForm">
		    <input type="hidden" name="storeId" value="10151"/>
		    <input type="hidden" name="langId" value="44"/>
		    <input type="hidden" name="catalogId" value="10123"/>
		    
		    
		    <input type="hidden" name="errorViewName" value="CategoryDisplayView"/>
		    <input type="hidden" name="SKU_ID" value="7842730"/>
		    <input type="hidden" name="itemType" value="X-SELL"/>
		    
		    
	           <input type="hidden" name="ItemSKU_ID" value="7842730"/>
	        
		        <label class="access" for="quantity_1095840">Quantity</label>
		        
					<input name="quantity"  id="quantity_1095840" type="text" size="3" value="1" class="quantity"   />
				
                    <input type="hidden" name="catEntryId" value="1095841"/>
                

		        <input type="hidden" name="productId" value="1095840"/>
		        
		
		    <input type="hidden" name="URL" value="https://www.sainsburys.co.uk/webapp/wcs/stores/servlet/CategoryDisplay?langId=44&amp;storeId=10151&amp;krypto=g0CCAERPx%2F40Cyggn3OluE6MDI85EkhssBFXr0H5TvLHlYey%2FjE6O0xJvgrn1iFFzLWWyi3x9Y8uSRKA13TBrMPyZIYLu1HBVqbFxTiDOmV8REkE4FwDCuqrtw9UBXU6VDi7n%2BXgi7Fi3XInrCL7VIMzj89xR3e2R57ixZwIArQ%3D&amp;ddkey=https%3Agb%2Fgroceries%2Ffruit-veg%2Fberries-cherries-currants"/>
		    <input type="hidden" name="page" value=""/>
		    <input type="hidden" name="contractId" value=""/>
		    <input type="hidden" name="calculateOrder" value="1"/>
		    <input type="hidden" name="calculationUsage" value="-1,-2,-3"/>
		    <input type="hidden" name="updateable" value="1"/>
		    <input type="hidden" name="merge" value="***"/>
		     
		   	<input type="hidden" name="callAjax" value="false"/>
		   	
		    
		        <input class="button process"  type="submit" name="Add" value="Add" />
			


		</form>
	<!-- END AddToTrolley.jsp -->
        <div class="numberInTrolley hidden numberInTrolley_1095840" id="numberInTrolley_1095840">
            
        </div>
    
		                        </div>
		                    </div>                
	                        <div class="crossSellInfo">
	                            <h4 class="crossSellName">
                                    <span class="access">Try this product with </span>
	                                <a href="https://www.sainsburys.co.uk/shop/gb/groceries/trek-cocoa-coconut---chocolate-protein-flapjacks-3x50g">
	                                    Trek Cocoa Coconut Protein Flapjacks 3x50g
	                                    <img src="/wcsstore7.28.113/ExtendedSitesCatalogAssetStore/images/catalog/productImages/73/5060088704073/5060088704073_S.jpeg" alt="" />
	                                </a>
	                            </h4>
	                            
    <div class="promotion">
                   
		            <p><a href="https://www.sainsburys.co.uk/shop/PromotionDisplayView?catalogId=10123&langId=44&productId=1095840&storeId=10151&promotionId=10309235"><!-- BEGIN include/PromotionStrapline.jspf -->Only Â£2.00: Save 50p<br/>

<!-- FINISH include/PromotionStrapline.jspf -->
		            </a></p>
		                        
    </div>

	                        </div>
	                    </div>
	                    <!--ThumbnailRestriction -->
                    </div>                
            
                <!-- END CatalogEntryThumbnailMerchandisingAssociation.jspf --><!-- END MerchandisingAssociationsDisplay.jsp --> 
                </div>
        <!-- END CatalogEntryThumbnailDisplay.jsp -->
	                            </li>
                                <!-- BEGIN MerchandisingAssociationsDisplay.jsp --><!-- Start - JSP File Name:  MerchandisingAssociationsDisplay.jsp -->
    <div class="coverage ranged"></div>
<!-- END MerchandisingAssociationsDisplay.jsp -->
                                
	                            <li class="gridItem">
		                                   <!-- BEGIN CatalogEntryThumbnailDisplay.jsp -->
                    <div id="hasCrossSell_120939"class="product hasCrossSell "
                    >
                    
                        <div class="productInfo">
                            <div class="productNameAndPromotions">
                                
                                        <h3>
                                            <a href="https://www.sainsburys.co.uk/shop/gb/groceries/berries-cherries-currants/sainsburys-british-raspberries--150g" >
                                                Sainsbury's Raspberries 150g
                                                <img src="//www.sainsburys.co.uk/wcsstore7.28.113/SainsburysStorefrontAssetStore/wcassets/product_images/media_7436859_L.jpg" alt="" />
                                            </a>
                                        </h3>
                                       
                            </div>
                             
                        </div>
                        
                        
                        
                    
                    <div class="errorBanner hidden" id="error120939"></div>                                 
                    
                    <div class="addToTrolleytabBox">
                        <!-- Start UserSubscribedOrNot.jspf --><!-- Start UserSubscribedOrNot.jsp --><!-- 
			If the user is not logged in, render this opening 
			DIV adding an addtional class to fix the border top which is removed 
			and replaced by the tabs
		-->
		<div class="addToTrolleytabContainer addItemBorderTop">
	<!-- End AddToSubscriptionList.jsp --><!-- End AddSubscriptionList.jspf --><!-- 
                        ATTENTION!!!
                        <div class="addToTrolleytabContainer">
                        This opening div is inside "../../ReusableObjects/UserSubscribedOrNot.jsp"
                        -->
                        
                        <!--  <div class="pricingAndTrolleyFormWrapper"> -->
                    <div class="pricingAndTrolleyOptions">   
                        <div class="priceTab activeContainer priceTabContainer" id="addItem_120939"> 
                            <div class="pricing">
                                
	<p class="pricePerUnit">
    Â£1.40<abbr title="per">/</abbr><abbr title="unit"><span class="pricePerUnitUnit">unit</span></abbr>
</p>
 
    <p class="pricePerMeasure">Â£9.33<abbr 
            title="per">/</abbr><abbr 
            title="kilogram"><span class="pricePerMeasureMeasure">kg</span></abbr>
    </p>

                            </div>                        
                            
                                        <div class="addToTrolleyForm ">                                       
                                            
                                            <!-- BEGIN AddToTrolley.jsp --><!-- fire an on add to bag here from  -->
		
		<form class="addToTrolleyForm" name="OrderItemAddForm_120939" action="OrderItemAdd" method="post" id="OrderItemAddForm_120939" class="addToTrolleyForm">
		    <input type="hidden" name="storeId" value="10151"/>
		    <input type="hidden" name="langId" value="44"/>
		    <input type="hidden" name="catalogId" value="10123"/>
		    
		    
		    <input type="hidden" name="errorViewName" value="CategoryDisplayView"/>
		    <input type="hidden" name="SKU_ID" value="7436859"/>
		    <input type="hidden" name="itemType" value=""/>
		    
		    
	           <input type="hidden" name="ItemSKU_ID" value="7436859"/>
	        
		        <label class="access" for="quantity_120938">Quantity</label>
		        
					<input name="quantity"  id="quantity_120938" type="text" size="3" value="1" class="quantity"   />
				
                    <input type="hidden" name="catEntryId" value="120939"/>
                

		        <input type="hidden" name="productId" value="120938"/>
		        
		
		    <input type="hidden" name="URL" value="https://www.sainsburys.co.uk/webapp/wcs/stores/servlet/CategoryDisplay?langId=44&amp;storeId=10151&amp;krypto=g0CCAERPx%2F40Cyggn3OluE6MDI85EkhssBFXr0H5TvLHlYey%2FjE6O0xJvgrn1iFFzLWWyi3x9Y8uSRKA13TBrMPyZIYLu1HBVqbFxTiDOmV8REkE4FwDCuqrtw9UBXU6VDi7n%2BXgi7Fi3XInrCL7VIMzj89xR3e2R57ixZwIArQ%3D&amp;ddkey=https%3Agb%2Fgroceries%2Ffruit-veg%2Fberries-cherries-currants"/>
		    <input type="hidden" name="page" value=""/>
		    <input type="hidden" name="contractId" value=""/>
		    <input type="hidden" name="calculateOrder" value="1"/>
		    <input type="hidden" name="calculationUsage" value="-1,-2,-3"/>
		    <input type="hidden" name="updateable" value="1"/>
		    <input type="hidden" name="merge" value="***"/>
		     
		   	<input type="hidden" name="callAjax" value="false"/>
		   	
		    
		        <input class="button process"  type="submit" name="Add" value="Add" />
			


		</form>
	<!-- END AddToTrolley.jsp -->
        <div class="numberInTrolley hidden numberInTrolley_120938" id="numberInTrolley_120938">
            
        </div>
    
                                        </div>
                                        
                        </div>
                        <!-- Start AddToSubscriptionList.jspf --><!-- Start AddToSubscriptionList.jsp --><!-- End AddToSubscriptionList.jsp --><!-- End AddToSubscriptionList.jspf -->
                    </div>
                                
                        <!-- </div> -->
                </div>     
            </div>

            <!--ThumbnailRestriction -->
                        
               <div id="additionalItems_120939" class="additionalItems">
                    <!-- BEGIN MerchandisingAssociationsDisplay.jsp --><!-- Start - JSP File Name:  MerchandisingAssociationsDisplay.jsp --><!-- BEGIN CatalogEntryThumbnailMerchandisingAssociation.jspf -->                    
                    <div id="sitecatalyst_SELL_TYPE_1200634" class="siteCatalystTag">X-SELL</div>
                    <div class="crossSell">
                        <div class="crossSellTitle">
                            <!-- BEGIN ContentDisplay.jsp -->
	                <img
	                    src='/wcsstore7.28.113/SainsburysStorefrontAssetStore/wcassets/merchandising_associations/great_with_grid_202x32.gif'
	                    alt='wcassets/merchandising_associations/great_with_grid_202x32.gif'
	                    border="0"
	                />
	                <!-- end: ContentDisplay.jsp -->
                        </div>
                        <div class="errorBanner hidden" id="error10770481200635"></div>
                        <div class="crossSellContent">
	                        <div class="pricingAndTrolleyFormWrapper"> 
		                         <div class="pricingReviews">
		                            <div class="pricing">
		                                
	<p class="pricePerUnit">
    Â£3.30<abbr title="per">/</abbr><abbr title="unit"><span class="pricePerUnitUnit">unit</span></abbr>
</p>
 
    <p class="pricePerMeasure">Â£0.37<abbr 
            title="per">/</abbr>100<abbr 
            title="gram"><span class="pricePerMeasureMeasure">g</span></abbr>
    </p>

		                            </div>
		                        </div>
		                        <div class="addToTrolleyForm ">
		                           
		                            <!-- BEGIN AddToTrolley.jsp --><!-- fire an on add to bag here from  -->
		
		<form class="addToTrolleyForm" name="OrderItemAddForm_1200635_1077048" action="OrderItemAdd" method="post" id="OrderItemAddForm_1077048_1200635" class="addToTrolleyForm">
		    <input type="hidden" name="storeId" value="10151"/>
		    <input type="hidden" name="langId" value="44"/>
		    <input type="hidden" name="catalogId" value="10123"/>
		    
		    
		    <input type="hidden" name="errorViewName" value="CategoryDisplayView"/>
		    <input type="hidden" name="SKU_ID" value="7907073"/>
		    <input type="hidden" name="itemType" value="X-SELL"/>
		    
		    
	           <input type="hidden" name="ItemSKU_ID" value="7907073"/>
	        
		        <label class="access" for="quantity_1200634">Quantity</label>
		        
					<input name="quantity"  id="quantity_1200634" type="text" size="3" value="1" class="quantity"   />
				
                    <input type="hidden" name="catEntryId" value="1200635"/>
                

		        <input type="hidden" name="productId" value="1200634"/>
		        
		
		    <input type="hidden" name="URL" value="https://www.sainsburys.co.uk/webapp/wcs/stores/servlet/CategoryDisplay?langId=44&amp;storeId=10151&amp;krypto=g0CCAERPx%2F40Cyggn3OluE6MDI85EkhssBFXr0H5TvLHlYey%2FjE6O0xJvgrn1iFFzLWWyi3x9Y8uSRKA13TBrMPyZIYLu1HBVqbFxTiDOmV8REkE4FwDCuqrtw9UBXU6VDi7n%2BXgi7Fi3XInrCL7VIMzj89xR3e2R57ixZwIArQ%3D&amp;ddkey=https%3Agb%2Fgroceries%2Ffruit-veg%2Fberries-cherries-currants"/>
		    <input type="hidden" name="page" value=""/>
		    <input type="hidden" name="contractId" value=""/>
		    <input type="hidden" name="calculateOrder" value="1"/>
		    <input type="hidden" name="calculationUsage" value="-1,-2,-3"/>
		    <input type="hidden" name="updateable" value="1"/>
		    <input type="hidden" name="merge" value="***"/>
		     
		   	<input type="hidden" name="callAjax" value="false"/>
		   	
		    
		        <input class="button process"  type="submit" name="Add" value="Add" />
			


		</form>
	<!-- END AddToTrolley.jsp -->
        <div class="numberInTrolley hidden numberInTrolley_1200634" id="numberInTrolley_1200634">
            
        </div>
    
		                        </div>
		                    </div>                
	                        <div class="crossSellInfo">
	                            <h4 class="crossSellName">
                                    <span class="access">Try this product with </span>
	                                <a href="https://www.sainsburys.co.uk/shop/ProductDisplay?storeId=10151&productId=1200634&urlRequestType=Base&langId=44&catalogId=10132">
	                                    The Collective Straight Up Unsweetened Plain Live Yogurt 900g
	                                    <img src="/wcsstore7.28.113/ExtendedSitesCatalogAssetStore/images/catalog/productImages/37/5014067345337/5014067345337_S.jpeg" alt="" />
	                                </a>
	                            </h4>
	                            
	                        </div>
	                    </div>
	                    <!--ThumbnailRestriction -->
                    </div>                
            
                <!-- END CatalogEntryThumbnailMerchandisingAssociation.jspf --><!-- END MerchandisingAssociationsDisplay.jsp --> 
                </div>
        <!-- END CatalogEntryThumbnailDisplay.jsp -->
	                            </li>
                                <!-- BEGIN MerchandisingAssociationsDisplay.jsp --><!-- Start - JSP File Name:  MerchandisingAssociationsDisplay.jsp --><!-- END MerchandisingAssociationsDisplay.jsp -->
                                
	                            <li class="gridItem">
		                                   <!-- BEGIN CatalogEntryThumbnailDisplay.jsp -->
            <div class="product "
                >
                
                     
                <div class="productInfo">
                    <div class="productNameAndPromotions">
                        
                                  <h3>
                                    <a href="https://www.sainsburys.co.uk/shop/gb/groceries/berries-cherries-currants/sainsburys-raspberries-225g" >
                                        Sainsbury's Raspberries 225g
                                        <img src="//www.sainsburys.co.uk/wcsstore7.28.113/SainsburysStorefrontAssetStore/wcassets/product_images/media_7555636_L.jpg" alt="" />
                                    </a>
                                </h3>
                              
                    </div> 
                </div>
                
                <div class="errorBanner hidden" id="error124147"></div>
                <div class="addToTrolleytabBox">   
                    <!--addToTrolleytabBox GRID VIEW --><!-- Start UserSubscribedOrNot.jspf --><!-- Start UserSubscribedOrNot.jsp --><!-- 
			If the user is not logged in, render this opening 
			DIV adding an addtional class to fix the border top which is removed 
			and replaced by the tabs
		-->
		<div class="addToTrolleytabContainer addItemBorderTop">
	<!-- End AddToSubscriptionList.jsp --><!-- End AddSubscriptionList.jspf --><!-- 
                    ATTENTION!!!
                    <div class="addToTrolleytabContainer">
                    This opening div is inside "../../ReusableObjects/UserSubscribedOrNot.jsp"
                    -->
                    <div class="pricingAndTrolleyOptions">
                        
                                    <div class="priceTab priceTabContainer activeContainer addItem" id="addItem_124147">
                                       <div class="pricing">
                                           
	<p class="pricePerUnit">
    Â£2.00<abbr title="per">/</abbr><abbr title="unit"><span class="pricePerUnitUnit">unit</span></abbr>
</p>
 
    <p class="pricePerMeasure">Â£8.89<abbr 
            title="per">/</abbr><abbr 
            title="kilogram"><span class="pricePerMeasureMeasure">kg</span></abbr>
    </p>

                                       </div>                                      

                                     
                                        <div class="addToTrolleyForm "> 
                                           <!-- BEGIN AddToTrolley.jsp --><!-- fire an on add to bag here from  -->
		
		<form class="addToTrolleyForm" name="OrderItemAddForm_124147" action="OrderItemAdd" method="post" id="OrderItemAddForm_124147" class="addToTrolleyForm">
		    <input type="hidden" name="storeId" value="10151"/>
		    <input type="hidden" name="langId" value="44"/>
		    <input type="hidden" name="catalogId" value="10123"/>
		    
		    
		    <input type="hidden" name="errorViewName" value="CategoryDisplayView"/>
		    <input type="hidden" name="SKU_ID" value="7555636"/>
		    <input type="hidden" name="itemType" value=""/>
		    
		    
	           <input type="hidden" name="ItemSKU_ID" value="7555636"/>
	        
		        <label class="access" for="quantity_124146">Quantity</label>
		        
					<input name="quantity"  id="quantity_124146" type="text" size="3" value="1" class="quantity"   />
				
                    <input type="hidden" name="catEntryId" value="124147"/>
                

		        <input type="hidden" name="productId" value="124146"/>
		        
		
		    <input type="hidden" name="URL" value="https://www.sainsburys.co.uk/webapp/wcs/stores/servlet/CategoryDisplay?langId=44&amp;storeId=10151&amp;krypto=g0CCAERPx%2F40Cyggn3OluE6MDI85EkhssBFXr0H5TvLHlYey%2FjE6O0xJvgrn1iFFzLWWyi3x9Y8uSRKA13TBrMPyZIYLu1HBVqbFxTiDOmV8REkE4FwDCuqrtw9UBXU6VDi7n%2BXgi7Fi3XInrCL7VIMzj89xR3e2R57ixZwIArQ%3D&amp;ddkey=https%3Agb%2Fgroceries%2Ffruit-veg%2Fberries-cherries-currants"/>
		    <input type="hidden" name="page" value=""/>
		    <input type="hidden" name="contractId" value=""/>
		    <input type="hidden" name="calculateOrder" value="1"/>
		    <input type="hidden" name="calculationUsage" value="-1,-2,-3"/>
		    <input type="hidden" name="updateable" value="1"/>
		    <input type="hidden" name="merge" value="***"/>
		     
		   	<input type="hidden" name="callAjax" value="false"/>
		   	
		    
		        <input class="button process"  type="submit" name="Add" value="Add" />
			


		</form>
	<!-- END AddToTrolley.jsp -->
        <div class="numberInTrolley hidden numberInTrolley_124146" id="numberInTrolley_124146">
            
        </div>
    
                                        </div>

                                        <!-- BEGIN CatalogEntryRatingsReviewsInfo.jspf --><!-- productAllowedRatingsAndReviews: true -->
    <div class="reviews">
        
            <a class="numberOfReviews" href="https://www.sainsburys.co.uk/shop/gb/groceries/berries-cherries-currants/sainsburys-raspberries-225g" >
                <img src="//www.sainsburys.co.uk/wcsstore7.28.113/SainsburysStorefrontAssetStore/img/stars/rating-2_3.gif" alt="2.25" border="0"/>&nbsp; 
                Reviews (4)
            </a>
        
    </div>
<!-- END CatalogEntryRatingsReviewsInfo.jspf -->
                                   </div>
                               <!-- Start AddToSubscriptionList.jspf --><!-- Start AddToSubscriptionList.jsp --><!-- End AddToSubscriptionList.jsp --><!-- End AddToSubscriptionList.jspf -->     
                    </div>
                            
                    
    
    <div class="badges">
        <ul>
            
                    
                    
                    
                     <li  class="lastchild" >

                        
                            <a href="/shop/gb/groceries/get-ideas/delivery-and-guides/freshness" >
                                         
                        <img src="/wcsstore7.28.113/SainsburysStorefrontAssetStore/wcassets/icons/typical_life/typical_life_2days.jpg" alt="Typical life 2 days" />
                            
                        
                            </a>    
                        
                    </li>
                
        </ul>   
    </div>

                </div>     
            </div>
            <!--ThumbnailRestriction --><!-- END CatalogEntryThumbnailDisplay.jsp -->
	                            </li>
                                <!-- BEGIN MerchandisingAssociationsDisplay.jsp --><!-- Start - JSP File Name:  MerchandisingAssociationsDisplay.jsp --><!-- END MerchandisingAssociationsDisplay.jsp -->
                                
	                            <li class="gridItem">
		                                   <!-- BEGIN CatalogEntryThumbnailDisplay.jsp -->
            <div class="product "
                >
                
                     
                <div class="productInfo">
                    <div class="productNameAndPromotions">
                        
                                  <h3>
                                    <a href="https://www.sainsburys.co.uk/shop/gb/groceries/berries-cherries-currants/sainsburys-blackberries--sweet-150g" >
                                        Sainsbury's Blackberries, Sweet 150g
                                        <img src="//www.sainsburys.co.uk/wcsstore7.28.113/ExtendedSitesCatalogAssetStore/images/catalog/productImages/32/0000001848632/0000001848632_L.jpeg" alt="" />
                                    </a>
                                </h3>
                              
                    </div> 
                </div>
                
                <div class="errorBanner hidden" id="error126067"></div>
                <div class="addToTrolleytabBox">   
                    <!--addToTrolleytabBox GRID VIEW --><!-- Start UserSubscribedOrNot.jspf --><!-- Start UserSubscribedOrNot.jsp --><!-- 
			If the user is not logged in, render this opening 
			DIV adding an addtional class to fix the border top which is removed 
			and replaced by the tabs
		-->
		<div class="addToTrolleytabContainer addItemBorderTop">
	<!-- End AddToSubscriptionList.jsp --><!-- End AddSubscriptionList.jspf --><!-- 
                    ATTENTION!!!
                    <div class="addToTrolleytabContainer">
                    This opening div is inside "../../ReusableObjects/UserSubscribedOrNot.jsp"
                    -->
                    <div class="pricingAndTrolleyOptions">
                        
                                    <div class="priceTab priceTabContainer activeContainer addItem" id="addItem_126067">
                                       <div class="pricing">
                                           
	<p class="pricePerUnit">
    Â£2.00<abbr title="per">/</abbr><abbr title="unit"><span class="pricePerUnitUnit">unit</span></abbr>
</p>
 
    <p class="pricePerMeasure">Â£13.33<abbr 
            title="per">/</abbr><abbr 
            title="kilogram"><span class="pricePerMeasureMeasure">kg</span></abbr>
    </p>

                                       </div>                                      

                                     
                                        <div class="addToTrolleyForm "> 
                                           <!-- BEGIN AddToTrolley.jsp --><!-- fire an on add to bag here from  -->
		
		<form class="addToTrolleyForm" name="OrderItemAddForm_126067" action="OrderItemAdd" method="post" id="OrderItemAddForm_126067" class="addToTrolleyForm">
		    <input type="hidden" name="storeId" value="10151"/>
		    <input type="hidden" name="langId" value="44"/>
		    <input type="hidden" name="catalogId" value="10123"/>
		    
		    
		    <input type="hidden" name="errorViewName" value="CategoryDisplayView"/>
		    <input type="hidden" name="SKU_ID" value="7572753"/>
		    <input type="hidden" name="itemType" value=""/>
		    
		    
	           <input type="hidden" name="ItemSKU_ID" value="7572753"/>
	        
		        <label class="access" for="quantity_126066">Quantity</label>
		        
					<input name="quantity"  id="quantity_126066" type="text" size="3" value="1" class="quantity"   />
				
                    <input type="hidden" name="catEntryId" value="126067"/>
                

		        <input type="hidden" name="productId" value="126066"/>
		        
		
		    <input type="hidden" name="URL" value="https://www.sainsburys.co.uk/webapp/wcs/stores/servlet/CategoryDisplay?langId=44&amp;storeId=10151&amp;krypto=g0CCAERPx%2F40Cyggn3OluE6MDI85EkhssBFXr0H5TvLHlYey%2FjE6O0xJvgrn1iFFzLWWyi3x9Y8uSRKA13TBrMPyZIYLu1HBVqbFxTiDOmV8REkE4FwDCuqrtw9UBXU6VDi7n%2BXgi7Fi3XInrCL7VIMzj89xR3e2R57ixZwIArQ%3D&amp;ddkey=https%3Agb%2Fgroceries%2Ffruit-veg%2Fberries-cherries-currants"/>
		    <input type="hidden" name="page" value=""/>
		    <input type="hidden" name="contractId" value=""/>
		    <input type="hidden" name="calculateOrder" value="1"/>
		    <input type="hidden" name="calculationUsage" value="-1,-2,-3"/>
		    <input type="hidden" name="updateable" value="1"/>
		    <input type="hidden" name="merge" value="***"/>
		     
		   	<input type="hidden" name="callAjax" value="false"/>
		   	
		    
		        <input class="button process"  type="submit" name="Add" value="Add" />
			


		</form>
	<!-- END AddToTrolley.jsp -->
        <div class="numberInTrolley hidden numberInTrolley_126066" id="numberInTrolley_126066">
            
        </div>
    
                                        </div>

                                        <!-- BEGIN CatalogEntryRatingsReviewsInfo.jspf --><!-- productAllowedRatingsAndReviews: true -->
    <div class="reviews">
        
	        <a class="numberOfReviews repressive" href="http://reviews.sainsburys.co.uk//8076-en_gb/7572753-P/writereview.htm?submissionurl=https%3A%2F%2Fwww.sainsburys.co.uk%2Fwebapp%2Fwcs%2Fstores%2Fservlet%2FBVReviewSubmitDisplay%3FcatalogId%3D10123%26storeId%3D10151%26recipe%3D%26langId%3D44%26productId%3D7572753-P&return=https%3A%2F%2Fwww.sainsburys.co.uk%2Fwebapp%2Fwcs%2Fstores%2Fservlet%2Fhttp%3A%2F%2Fwww.sainsburys.co.uk%2Fshop%2FCategoryDisplay%3FpageSize%3D36%26catalogId%3D10123%26level%3D2%26top_category%3D12518%26parent_category_rn%3D12518%26langId%3D44%26categoryId%3D12563%26beginIndex%3D0%26storeId%3D10151" >
	    Write a review
          	</a>
        
    </div>
<!-- END CatalogEntryRatingsReviewsInfo.jspf -->
                                   </div>
                               <!-- Start AddToSubscriptionList.jspf --><!-- Start AddToSubscriptionList.jsp --><!-- End AddToSubscriptionList.jsp --><!-- End AddToSubscriptionList.jspf -->     
                    </div>
                            
                    
                </div>     
            </div>
            <!--ThumbnailRestriction --><!-- END CatalogEntryThumbnailDisplay.jsp -->
	                            </li>
                                <!-- BEGIN MerchandisingAssociationsDisplay.jsp --><!-- Start - JSP File Name:  MerchandisingAssociationsDisplay.jsp --><!-- END MerchandisingAssociationsDisplay.jsp -->
                                
	                            <li class="gridItem">
		                                   <!-- BEGIN CatalogEntryThumbnailDisplay.jsp -->
            <div class="product "
                >
                
                     
                <div class="productInfo">
                    <div class="productNameAndPromotions">
                        
                                  <h3>
                                    <a href="https://www.sainsburys.co.uk/shop/gb/groceries/berries-cherries-currants/sainsburys-blueberries-400g" >
                                        Sainsbury's Blueberries 400g
                                        <img src="//www.sainsburys.co.uk/wcsstore7.28.113/ExtendedSitesCatalogAssetStore/images/catalog/productImages/74/0000001835274/0000001835274_L.jpeg" alt="" />
                                    </a>
                                </h3>
                              
                    </div> 
                </div>
                
                <div class="errorBanner hidden" id="error124101"></div>
                <div class="addToTrolleytabBox">   
                    <!--addToTrolleytabBox GRID VIEW --><!-- Start UserSubscribedOrNot.jspf --><!-- Start UserSubscribedOrNot.jsp --><!-- 
			If the user is not logged in, render this opening 
			DIV adding an addtional class to fix the border top which is removed 
			and replaced by the tabs
		-->
		<div class="addToTrolleytabContainer addItemBorderTop">
	<!-- End AddToSubscriptionList.jsp --><!-- End AddSubscriptionList.jspf --><!-- 
                    ATTENTION!!!
                    <div class="addToTrolleytabContainer">
                    This opening div is inside "../../ReusableObjects/UserSubscribedOrNot.jsp"
                    -->
                    <div class="pricingAndTrolleyOptions">
                        
                                    <div class="priceTab priceTabContainer activeContainer addItem" id="addItem_124101">
                                       <div class="pricing">
                                           
	<p class="pricePerUnit">
    Â£3.20<abbr title="per">/</abbr><abbr title="unit"><span class="pricePerUnitUnit">unit</span></abbr>
</p>
 
    <p class="pricePerMeasure">Â£8.00<abbr 
            title="per">/</abbr><abbr 
            title="kilogram"><span class="pricePerMeasureMeasure">kg</span></abbr>
    </p>

                                       </div>                                      

                                     
                                        <div class="addToTrolleyForm "> 
                                           <!-- BEGIN AddToTrolley.jsp --><!-- fire an on add to bag here from  -->
		
		<form class="addToTrolleyForm" name="OrderItemAddForm_124101" action="OrderItemAdd" method="post" id="OrderItemAddForm_124101" class="addToTrolleyForm">
		    <input type="hidden" name="storeId" value="10151"/>
		    <input type="hidden" name="langId" value="44"/>
		    <input type="hidden" name="catalogId" value="10123"/>
		    
		    
		    <input type="hidden" name="errorViewName" value="CategoryDisplayView"/>
		    <input type="hidden" name="SKU_ID" value="7555490"/>
		    <input type="hidden" name="itemType" value=""/>
		    
		    
	           <input type="hidden" name="ItemSKU_ID" value="7555490"/>
	        
		        <label class="access" for="quantity_124100">Quantity</label>
		        
					<input name="quantity"  id="quantity_124100" type="text" size="3" value="1" class="quantity"   />
				
                    <input type="hidden" name="catEntryId" value="124101"/>
                

		        <input type="hidden" name="productId" value="124100"/>
		        
		
		    <input type="hidden" name="URL" value="https://www.sainsburys.co.uk/webapp/wcs/stores/servlet/CategoryDisplay?langId=44&amp;storeId=10151&amp;krypto=g0CCAERPx%2F40Cyggn3OluE6MDI85EkhssBFXr0H5TvLHlYey%2FjE6O0xJvgrn1iFFzLWWyi3x9Y8uSRKA13TBrMPyZIYLu1HBVqbFxTiDOmV8REkE4FwDCuqrtw9UBXU6VDi7n%2BXgi7Fi3XInrCL7VIMzj89xR3e2R57ixZwIArQ%3D&amp;ddkey=https%3Agb%2Fgroceries%2Ffruit-veg%2Fberries-cherries-currants"/>
		    <input type="hidden" name="page" value=""/>
		    <input type="hidden" name="contractId" value=""/>
		    <input type="hidden" name="calculateOrder" value="1"/>
		    <input type="hidden" name="calculationUsage" value="-1,-2,-3"/>
		    <input type="hidden" name="updateable" value="1"/>
		    <input type="hidden" name="merge" value="***"/>
		     
		   	<input type="hidden" name="callAjax" value="false"/>
		   	
		    
		        <input class="button process"  type="submit" name="Add" value="Add" />
			


		</form>
	<!-- END AddToTrolley.jsp -->
        <div class="numberInTrolley hidden numberInTrolley_124100" id="numberInTrolley_124100">
            
        </div>
    
                                        </div>

                                        <!-- BEGIN CatalogEntryRatingsReviewsInfo.jspf --><!-- productAllowedRatingsAndReviews: true -->
    <div class="reviews">
        
	        <a class="numberOfReviews repressive" href="http://reviews.sainsburys.co.uk//8076-en_gb/7555490-P/writereview.htm?submissionurl=https%3A%2F%2Fwww.sainsburys.co.uk%2Fwebapp%2Fwcs%2Fstores%2Fservlet%2FBVReviewSubmitDisplay%3FcatalogId%3D10123%26storeId%3D10151%26recipe%3D%26langId%3D44%26productId%3D7555490-P&return=https%3A%2F%2Fwww.sainsburys.co.uk%2Fwebapp%2Fwcs%2Fstores%2Fservlet%2Fhttp%3A%2F%2Fwww.sainsburys.co.uk%2Fshop%2FCategoryDisplay%3FpageSize%3D36%26catalogId%3D10123%26level%3D2%26top_category%3D12518%26parent_category_rn%3D12518%26langId%3D44%26categoryId%3D12563%26beginIndex%3D0%26storeId%3D10151" >
	    Write a review
          	</a>
        
    </div>
<!-- END CatalogEntryRatingsReviewsInfo.jspf -->
                                   </div>
                               <!-- Start AddToSubscriptionList.jspf --><!-- Start AddToSubscriptionList.jsp --><!-- End AddToSubscriptionList.jsp --><!-- End AddToSubscriptionList.jspf -->     
                    </div>
                            
                    
    
    <div class="badges">
        <ul>
            
                    
                    
                    
                     <li  class="lastchild" >

                        
                            <a href="/shop/gb/groceries/get-ideas/delivery-and-guides/freshness" >
                                         
                        <img src="/wcsstore7.28.113/SainsburysStorefrontAssetStore/wcassets/icons/typical_life/typical_life_2days.jpg" alt="Typical life 2 days" />
                            
                        
                            </a>    
                        
                    </li>
                
        </ul>   
    </div>

                </div>     
            </div>
            <!--ThumbnailRestriction --><!-- END CatalogEntryThumbnailDisplay.jsp -->
	                            </li>
                                <!-- BEGIN MerchandisingAssociationsDisplay.jsp --><!-- Start - JSP File Name:  MerchandisingAssociationsDisplay.jsp -->
    <div class="coverage ranged"></div>
<!-- END MerchandisingAssociationsDisplay.jsp -->
                                
	                            <li class="gridItem">
		                                   <!-- BEGIN CatalogEntryThumbnailDisplay.jsp -->
                    <div id="hasCrossSell_124087"class="product hasCrossSell "
                    >
                    
                        <div class="productInfo">
                            <div class="productNameAndPromotions">
                                
                                        <h3>
                                            <a href="https://www.sainsburys.co.uk/shop/gb/groceries/berries-cherries-currants/sainsburys-blueberries--so-organic-150g" >
                                                Sainsbury's Blueberries, SO Organic 150g
                                                <img src="//www.sainsburys.co.uk/wcsstore7.28.113/SainsburysStorefrontAssetStore/wcassets/product_images/media_7555452_L.jpg" alt="" />
                                            </a>
                                        </h3>
                                       
                            </div>
                             
                        </div>
                        
                        
                        
                    
                    <div class="errorBanner hidden" id="error124087"></div>                                 
                    
                    <div class="addToTrolleytabBox">
                        <!-- Start UserSubscribedOrNot.jspf --><!-- Start UserSubscribedOrNot.jsp --><!-- 
			If the user is not logged in, render this opening 
			DIV adding an addtional class to fix the border top which is removed 
			and replaced by the tabs
		-->
		<div class="addToTrolleytabContainer addItemBorderTop">
	<!-- End AddToSubscriptionList.jsp --><!-- End AddSubscriptionList.jspf --><!-- 
                        ATTENTION!!!
                        <div class="addToTrolleytabContainer">
                        This opening div is inside "../../ReusableObjects/UserSubscribedOrNot.jsp"
                        -->
                        
                        <!--  <div class="pricingAndTrolleyFormWrapper"> -->
                    <div class="pricingAndTrolleyOptions">   
                        <div class="priceTab activeContainer priceTabContainer" id="addItem_124087"> 
                            <div class="pricing">
                                
	<p class="pricePerUnit">
    Â£2.70<abbr title="per">/</abbr><abbr title="unit"><span class="pricePerUnitUnit">unit</span></abbr>
</p>
 
    <p class="pricePerMeasure">Â£18.00<abbr 
            title="per">/</abbr><abbr 
            title="kilogram"><span class="pricePerMeasureMeasure">kg</span></abbr>
    </p>

                            </div>                        
                            
                                        <div class="addToTrolleyForm ">                                       
                                            
                                            <!-- BEGIN AddToTrolley.jsp --><!-- fire an on add to bag here from  -->
		
		<form class="addToTrolleyForm" name="OrderItemAddForm_124087" action="OrderItemAdd" method="post" id="OrderItemAddForm_124087" class="addToTrolleyForm">
		    <input type="hidden" name="storeId" value="10151"/>
		    <input type="hidden" name="langId" value="44"/>
		    <input type="hidden" name="catalogId" value="10123"/>
		    
		    
		    <input type="hidden" name="errorViewName" value="CategoryDisplayView"/>
		    <input type="hidden" name="SKU_ID" value="7555452"/>
		    <input type="hidden" name="itemType" value=""/>
		    
		    
	           <input type="hidden" name="ItemSKU_ID" value="7555452"/>
	        
		        <label class="access" for="quantity_124086">Quantity</label>
		        
					<input name="quantity"  id="quantity_124086" type="text" size="3" value="1" class="quantity"   />
				
                    <input type="hidden" name="catEntryId" value="124087"/>
                

		        <input type="hidden" name="productId" value="124086"/>
		        
		
		    <input type="hidden" name="URL" value="https://www.sainsburys.co.uk/webapp/wcs/stores/servlet/CategoryDisplay?langId=44&amp;storeId=10151&amp;krypto=g0CCAERPx%2F40Cyggn3OluE6MDI85EkhssBFXr0H5TvLHlYey%2FjE6O0xJvgrn1iFFzLWWyi3x9Y8uSRKA13TBrMPyZIYLu1HBVqbFxTiDOmV8REkE4FwDCuqrtw9UBXU6VDi7n%2BXgi7Fi3XInrCL7VIMzj89xR3e2R57ixZwIArQ%3D&amp;ddkey=https%3Agb%2Fgroceries%2Ffruit-veg%2Fberries-cherries-currants"/>
		    <input type="hidden" name="page" value=""/>
		    <input type="hidden" name="contractId" value=""/>
		    <input type="hidden" name="calculateOrder" value="1"/>
		    <input type="hidden" name="calculationUsage" value="-1,-2,-3"/>
		    <input type="hidden" name="updateable" value="1"/>
		    <input type="hidden" name="merge" value="***"/>
		     
		   	<input type="hidden" name="callAjax" value="false"/>
		   	
		    
		        <input class="button process"  type="submit" name="Add" value="Add" />
			


		</form>
	<!-- END AddToTrolley.jsp -->
        <div class="numberInTrolley hidden numberInTrolley_124086" id="numberInTrolley_124086">
            
        </div>
    
                                        </div>
                                        
                        </div>
                        <!-- Start AddToSubscriptionList.jspf --><!-- Start AddToSubscriptionList.jsp --><!-- End AddToSubscriptionList.jsp --><!-- End AddToSubscriptionList.jspf -->
                    </div>
                                
                        <!-- </div> -->
                </div>     
            </div>

            <!--ThumbnailRestriction -->
                        
               <div id="additionalItems_124087" class="additionalItems">
                    <!-- BEGIN MerchandisingAssociationsDisplay.jsp --><!-- Start - JSP File Name:  MerchandisingAssociationsDisplay.jsp --><!-- BEGIN CatalogEntryThumbnailMerchandisingAssociation.jspf -->                    
                    <div id="sitecatalyst_SELL_TYPE_1200634" class="siteCatalystTag">X-SELL</div>
                    <div class="crossSell">
                        <div class="crossSellTitle">
                            <!-- BEGIN ContentDisplay.jsp -->
	                <img
	                    src='/wcsstore7.28.113/SainsburysStorefrontAssetStore/wcassets/merchandising_associations/great_with_grid_202x32.gif'
	                    alt='wcassets/merchandising_associations/great_with_grid_202x32.gif'
	                    border="0"
	                />
	                <!-- end: ContentDisplay.jsp -->
                        </div>
                        <div class="errorBanner hidden" id="error10770481200635"></div>
                        <div class="crossSellContent">
	                        <div class="pricingAndTrolleyFormWrapper"> 
		                         <div class="pricingReviews">
		                            <div class="pricing">
		                                
	<p class="pricePerUnit">
    Â£3.30<abbr title="per">/</abbr><abbr title="unit"><span class="pricePerUnitUnit">unit</span></abbr>
</p>
 
    <p class="pricePerMeasure">Â£0.37<abbr 
            title="per">/</abbr>100<abbr 
            title="gram"><span class="pricePerMeasureMeasure">g</span></abbr>
    </p>

		                            </div>
		                        </div>
		                        <div class="addToTrolleyForm ">
		                           
		                            <!-- BEGIN AddToTrolley.jsp --><!-- fire an on add to bag here from  -->
		
		<form class="addToTrolleyForm" name="OrderItemAddForm_1200635_1077048" action="OrderItemAdd" method="post" id="OrderItemAddForm_1077048_1200635" class="addToTrolleyForm">
		    <input type="hidden" name="storeId" value="10151"/>
		    <input type="hidden" name="langId" value="44"/>
		    <input type="hidden" name="catalogId" value="10123"/>
		    
		    
		    <input type="hidden" name="errorViewName" value="CategoryDisplayView"/>
		    <input type="hidden" name="SKU_ID" value="7907073"/>
		    <input type="hidden" name="itemType" value="X-SELL"/>
		    
		    
	           <input type="hidden" name="ItemSKU_ID" value="7907073"/>
	        
		        <label class="access" for="quantity_1200634">Quantity</label>
		        
					<input name="quantity"  id="quantity_1200634" type="text" size="3" value="1" class="quantity"   />
				
                    <input type="hidden" name="catEntryId" value="1200635"/>
                

		        <input type="hidden" name="productId" value="1200634"/>
		        
		
		    <input type="hidden" name="URL" value="https://www.sainsburys.co.uk/webapp/wcs/stores/servlet/CategoryDisplay?langId=44&amp;storeId=10151&amp;krypto=g0CCAERPx%2F40Cyggn3OluE6MDI85EkhssBFXr0H5TvLHlYey%2FjE6O0xJvgrn1iFFzLWWyi3x9Y8uSRKA13TBrMPyZIYLu1HBVqbFxTiDOmV8REkE4FwDCuqrtw9UBXU6VDi7n%2BXgi7Fi3XInrCL7VIMzj89xR3e2R57ixZwIArQ%3D&amp;ddkey=https%3Agb%2Fgroceries%2Ffruit-veg%2Fberries-cherries-currants"/>
		    <input type="hidden" name="page" value=""/>
		    <input type="hidden" name="contractId" value=""/>
		    <input type="hidden" name="calculateOrder" value="1"/>
		    <input type="hidden" name="calculationUsage" value="-1,-2,-3"/>
		    <input type="hidden" name="updateable" value="1"/>
		    <input type="hidden" name="merge" value="***"/>
		     
		   	<input type="hidden" name="callAjax" value="false"/>
		   	
		    
		        <input class="button process"  type="submit" name="Add" value="Add" />
			


		</form>
	<!-- END AddToTrolley.jsp -->
        <div class="numberInTrolley hidden numberInTrolley_1200634" id="numberInTrolley_1200634">
            
        </div>
    
		                        </div>
		                    </div>                
	                        <div class="crossSellInfo">
	                            <h4 class="crossSellName">
                                    <span class="access">Try this product with </span>
	                                <a href="https://www.sainsburys.co.uk/shop/ProductDisplay?storeId=10151&productId=1200634&urlRequestType=Base&langId=44&catalogId=10132">
	                                    The Collective Straight Up Unsweetened Plain Live Yogurt 900g
	                                    <img src="/wcsstore7.28.113/ExtendedSitesCatalogAssetStore/images/catalog/productImages/37/5014067345337/5014067345337_S.jpeg" alt="" />
	                                </a>
	                            </h4>
	                            
	                        </div>
	                    </div>
	                    <!--ThumbnailRestriction -->
                    </div>                
            
                <!-- END CatalogEntryThumbnailMerchandisingAssociation.jspf --><!-- END MerchandisingAssociationsDisplay.jsp --> 
                </div>
        <!-- END CatalogEntryThumbnailDisplay.jsp -->
	                            </li>
                                <!-- BEGIN MerchandisingAssociationsDisplay.jsp --><!-- Start - JSP File Name:  MerchandisingAssociationsDisplay.jsp -->
    <div class="coverage ranged"></div>
<!-- END MerchandisingAssociationsDisplay.jsp -->
                                
	                            <li class="gridItem">
		                                   <!-- BEGIN CatalogEntryThumbnailDisplay.jsp -->
                    <div id="hasCrossSell_1077049"class="product hasCrossSell "
                    >
                    
                        <div class="productInfo">
                            <div class="productNameAndPromotions">
                                
                                        <h3>
                                            <a href="https://www.sainsburys.co.uk/shop/gb/groceries/berries-cherries-currants/sainsburys-strawberries--greengrocer-250g" >
                                                Sainsbury's Strawberries, Greengrocer 250g
                                                <img src="//www.sainsburys.co.uk/wcsstore7.28.113/SainsburysStorefrontAssetStore/wcassets/product_images/2016/july/media_7828571_L.jpg" alt="" />
                                            </a>
                                        </h3>
                                       
                            </div>
                             
                        </div>
                        
                        
                        
                    
                    <div class="errorBanner hidden" id="error1077049"></div>                                 
                    
                    <div class="addToTrolleytabBox">
                        <!-- Start UserSubscribedOrNot.jspf --><!-- Start UserSubscribedOrNot.jsp --><!-- 
			If the user is not logged in, render this opening 
			DIV adding an addtional class to fix the border top which is removed 
			and replaced by the tabs
		-->
		<div class="addToTrolleytabContainer addItemBorderTop">
	<!-- End AddToSubscriptionList.jsp --><!-- End AddSubscriptionList.jspf --><!-- 
                        ATTENTION!!!
                        <div class="addToTrolleytabContainer">
                        This opening div is inside "../../ReusableObjects/UserSubscribedOrNot.jsp"
                        -->
                        
                        <!--  <div class="pricingAndTrolleyFormWrapper"> -->
                    <div class="pricingAndTrolleyOptions">   
                        <div class="priceTab activeContainer priceTabContainer" id="addItem_1077049"> 
                            <div class="pricing">
                                
	<p class="pricePerUnit">
    Â£1.00<abbr title="per">/</abbr><abbr title="unit"><span class="pricePerUnitUnit">unit</span></abbr>
</p>
 
    <p class="pricePerMeasure">Â£4.00<abbr 
            title="per">/</abbr><abbr 
            title="kilogram"><span class="pricePerMeasureMeasure">kg</span></abbr>
    </p>

                            </div>                        
                            
                                        <div class="addToTrolleyForm ">                                       
                                            
                                            <!-- BEGIN AddToTrolley.jsp --><!-- fire an on add to bag here from  -->
		
		<form class="addToTrolleyForm" name="OrderItemAddForm_1077049" action="OrderItemAdd" method="post" id="OrderItemAddForm_1077049" class="addToTrolleyForm">
		    <input type="hidden" name="storeId" value="10151"/>
		    <input type="hidden" name="langId" value="44"/>
		    <input type="hidden" name="catalogId" value="10123"/>
		    
		    
		    <input type="hidden" name="errorViewName" value="CategoryDisplayView"/>
		    <input type="hidden" name="SKU_ID" value="7828571"/>
		    <input type="hidden" name="itemType" value=""/>
		    
		    
	           <input type="hidden" name="ItemSKU_ID" value="7828571"/>
	        
		        <label class="access" for="quantity_1077048">Quantity</label>
		        
					<input name="quantity"  id="quantity_1077048" type="text" size="3" value="1" class="quantity"   />
				
                    <input type="hidden" name="catEntryId" value="1077049"/>
                

		        <input type="hidden" name="productId" value="1077048"/>
		        
		
		    <input type="hidden" name="URL" value="https://www.sainsburys.co.uk/webapp/wcs/stores/servlet/CategoryDisplay?langId=44&amp;storeId=10151&amp;krypto=g0CCAERPx%2F40Cyggn3OluE6MDI85EkhssBFXr0H5TvLHlYey%2FjE6O0xJvgrn1iFFzLWWyi3x9Y8uSRKA13TBrMPyZIYLu1HBVqbFxTiDOmV8REkE4FwDCuqrtw9UBXU6VDi7n%2BXgi7Fi3XInrCL7VIMzj89xR3e2R57ixZwIArQ%3D&amp;ddkey=https%3Agb%2Fgroceries%2Ffruit-veg%2Fberries-cherries-currants"/>
		    <input type="hidden" name="page" value=""/>
		    <input type="hidden" name="contractId" value=""/>
		    <input type="hidden" name="calculateOrder" value="1"/>
		    <input type="hidden" name="calculationUsage" value="-1,-2,-3"/>
		    <input type="hidden" name="updateable" value="1"/>
		    <input type="hidden" name="merge" value="***"/>
		     
		   	<input type="hidden" name="callAjax" value="false"/>
		   	
		    
		        <input class="button process"  type="submit" name="Add" value="Add" />
			


		</form>
	<!-- END AddToTrolley.jsp -->
        <div class="numberInTrolley hidden numberInTrolley_1077048" id="numberInTrolley_1077048">
            
        </div>
    
                                        </div>
                                        
                        </div>
                        <!-- Start AddToSubscriptionList.jspf --><!-- Start AddToSubscriptionList.jsp --><!-- End AddToSubscriptionList.jsp --><!-- End AddToSubscriptionList.jspf -->
                    </div>
                                
                        <!-- </div> -->
                </div>     
            </div>

            <!--ThumbnailRestriction -->
                        
               <div id="additionalItems_1077049" class="additionalItems">
                    <!-- BEGIN MerchandisingAssociationsDisplay.jsp --><!-- Start - JSP File Name:  MerchandisingAssociationsDisplay.jsp --><!-- BEGIN CatalogEntryThumbnailMerchandisingAssociation.jspf -->                    
                    <div id="sitecatalyst_SELL_TYPE_1200634" class="siteCatalystTag">X-SELL</div>
                    <div class="crossSell">
                        <div class="crossSellTitle">
                            <!-- BEGIN ContentDisplay.jsp -->
	                <img
	                    src='/wcsstore7.28.113/SainsburysStorefrontAssetStore/wcassets/merchandising_associations/great_with_grid_202x32.gif'
	                    alt='wcassets/merchandising_associations/great_with_grid_202x32.gif'
	                    border="0"
	                />
	                <!-- end: ContentDisplay.jsp -->
                        </div>
                        <div class="errorBanner hidden" id="error10770481200635"></div>
                        <div class="crossSellContent">
	                        <div class="pricingAndTrolleyFormWrapper"> 
		                         <div class="pricingReviews">
		                            <div class="pricing">
		                                
	<p class="pricePerUnit">
    Â£3.30<abbr title="per">/</abbr><abbr title="unit"><span class="pricePerUnitUnit">unit</span></abbr>
</p>
 
    <p class="pricePerMeasure">Â£0.37<abbr 
            title="per">/</abbr>100<abbr 
            title="gram"><span class="pricePerMeasureMeasure">g</span></abbr>
    </p>

		                            </div>
		                        </div>
		                        <div class="addToTrolleyForm ">
		                           
		                            <!-- BEGIN AddToTrolley.jsp --><!-- fire an on add to bag here from  -->
		
		<form class="addToTrolleyForm" name="OrderItemAddForm_1200635_1077048" action="OrderItemAdd" method="post" id="OrderItemAddForm_1077048_1200635" class="addToTrolleyForm">
		    <input type="hidden" name="storeId" value="10151"/>
		    <input type="hidden" name="langId" value="44"/>
		    <input type="hidden" name="catalogId" value="10123"/>
		    
		    
		    <input type="hidden" name="errorViewName" value="CategoryDisplayView"/>
		    <input type="hidden" name="SKU_ID" value="7907073"/>
		    <input type="hidden" name="itemType" value="X-SELL"/>
		    
		    
	           <input type="hidden" name="ItemSKU_ID" value="7907073"/>
	        
		        <label class="access" for="quantity_1200634">Quantity</label>
		        
					<input name="quantity"  id="quantity_1200634" type="text" size="3" value="1" class="quantity"   />
				
                    <input type="hidden" name="catEntryId" value="1200635"/>
                

		        <input type="hidden" name="productId" value="1200634"/>
		        
		
		    <input type="hidden" name="URL" value="https://www.sainsburys.co.uk/webapp/wcs/stores/servlet/CategoryDisplay?langId=44&amp;storeId=10151&amp;krypto=g0CCAERPx%2F40Cyggn3OluE6MDI85EkhssBFXr0H5TvLHlYey%2FjE6O0xJvgrn1iFFzLWWyi3x9Y8uSRKA13TBrMPyZIYLu1HBVqbFxTiDOmV8REkE4FwDCuqrtw9UBXU6VDi7n%2BXgi7Fi3XInrCL7VIMzj89xR3e2R57ixZwIArQ%3D&amp;ddkey=https%3Agb%2Fgroceries%2Ffruit-veg%2Fberries-cherries-currants"/>
		    <input type="hidden" name="page" value=""/>
		    <input type="hidden" name="contractId" value=""/>
		    <input type="hidden" name="calculateOrder" value="1"/>
		    <input type="hidden" name="calculationUsage" value="-1,-2,-3"/>
		    <input type="hidden" name="updateable" value="1"/>
		    <input type="hidden" name="merge" value="***"/>
		     
		   	<input type="hidden" name="callAjax" value="false"/>
		   	
		    
		        <input class="button process"  type="submit" name="Add" value="Add" />
			


		</form>
	<!-- END AddToTrolley.jsp -->
        <div class="numberInTrolley hidden numberInTrolley_1200634" id="numberInTrolley_1200634">
            
        </div>
    
		                        </div>
		                    </div>                
	                        <div class="crossSellInfo">
	                            <h4 class="crossSellName">
                                    <span class="access">Try this product with </span>
	                                <a href="https://www.sainsburys.co.uk/shop/ProductDisplay?storeId=10151&productId=1200634&urlRequestType=Base&langId=44&catalogId=10132">
	                                    The Collective Straight Up Unsweetened Plain Live Yogurt 900g
	                                    <img src="/wcsstore7.28.113/ExtendedSitesCatalogAssetStore/images/catalog/productImages/37/5014067345337/5014067345337_S.jpeg" alt="" />
	                                </a>
	                            </h4>
	                            
	                        </div>
	                    </div>
	                    <!--ThumbnailRestriction -->
                    </div>                
            
                <!-- END CatalogEntryThumbnailMerchandisingAssociation.jspf --><!-- END MerchandisingAssociationsDisplay.jsp --> 
                </div>
        <!-- END CatalogEntryThumbnailDisplay.jsp -->
	                            </li>
                                <!-- BEGIN MerchandisingAssociationsDisplay.jsp --><!-- Start - JSP File Name:  MerchandisingAssociationsDisplay.jsp --><!-- END MerchandisingAssociationsDisplay.jsp -->
                                
	                            <li class="gridItem">
		                                   <!-- BEGIN CatalogEntryThumbnailDisplay.jsp -->
            <div class="product  highlighted specialOffer"
                >
                
                     
                <div class="productInfo">
                    <div class="productNameAndPromotions">
                        
                                  <h3>
                                    <a href="https://www.sainsburys.co.uk/shop/gb/groceries/berries-cherries-currants/sainsburys-british-strawberries-600g-7644644-p-44" >
                                        Sainsbury's Strawberries 600g
                                        <img src="//www.sainsburys.co.uk/wcsstore7.28.113/ExtendedSitesCatalogAssetStore/images/catalog/productImages/65/0000000122665/0000000122665_L.jpeg" alt="" />
                                    </a>
                                </h3>
                              
    <div class="promotion">
                   
		            <p><a href="https://www.sainsburys.co.uk/shop/PromotionDisplayView?catalogId=10123&langId=44&productId=581680&storeId=10151&promotionId=10311444"><!-- BEGIN include/PromotionStrapline.jspf -->Only Â£2.30: Save 55p<br/>

<!-- FINISH include/PromotionStrapline.jspf -->
		            </a></p>
		                        
    </div>

                    </div> 
                </div>
                
            <div class="strapline">
                <a href="https://www.sainsburys.co.uk/shop/PromotionDisplayView?catalogId=10123&langId=44&productId=581680&storeId=10151&promotionId=10311444"><img src="/wcsstore7.28.113/SainsburysStorefrontAssetStore/wcassets/icons/special/img-special-offer.png" alt="Special Offer" />
                </a>
            </div>
          
                <div class="errorBanner hidden" id="error581681"></div>
                <div class="addToTrolleytabBox">   
                    <!--addToTrolleytabBox GRID VIEW --><!-- Start UserSubscribedOrNot.jspf --><!-- Start UserSubscribedOrNot.jsp --><!-- 
			If the user is not logged in, render this opening 
			DIV adding an addtional class to fix the border top which is removed 
			and replaced by the tabs
		-->
		<div class="addToTrolleytabContainer addItemBorderTop">
	<!-- End AddToSubscriptionList.jsp --><!-- End AddSubscriptionList.jspf --><!-- 
                    ATTENTION!!!
                    <div class="addToTrolleytabContainer">
                    This opening div is inside "../../ReusableObjects/UserSubscribedOrNot.jsp"
                    -->
                    <div class="pricingAndTrolleyOptions">
                        
                                    <div class="priceTab priceTabContainer activeContainer addItem" id="addItem_581681">
                                       <div class="pricing">
                                           
	<p class="pricePerUnit">
    Â£2.30<abbr title="per">/</abbr><abbr title="unit"><span class="pricePerUnitUnit">unit</span></abbr>
</p>
 
    <p class="pricePerMeasure">Â£3.83<abbr 
            title="per">/</abbr><abbr 
            title="kilogram"><span class="pricePerMeasureMeasure">kg</span></abbr>
    </p>

                                       </div>                                      

                                     
                                        <div class="addToTrolleyForm "> 
                                           <!-- BEGIN AddToTrolley.jsp --><!-- fire an on add to bag here from  -->
		
		<form class="addToTrolleyForm" name="OrderItemAddForm_581681" action="OrderItemAdd" method="post" id="OrderItemAddForm_581681" class="addToTrolleyForm">
		    <input type="hidden" name="storeId" value="10151"/>
		    <input type="hidden" name="langId" value="44"/>
		    <input type="hidden" name="catalogId" value="10123"/>
		    
		    
		    <input type="hidden" name="errorViewName" value="CategoryDisplayView"/>
		    <input type="hidden" name="SKU_ID" value="7644644"/>
		    <input type="hidden" name="itemType" value=""/>
		    
		    
	           <input type="hidden" name="ItemSKU_ID" value="7644644"/>
	        
		        <label class="access" for="quantity_581680">Quantity</label>
		        
					<input name="quantity"  id="quantity_581680" type="text" size="3" value="1" class="quantity"   />
				
                    <input type="hidden" name="catEntryId" value="581681"/>
                

		        <input type="hidden" name="productId" value="581680"/>
		        
		
		    <input type="hidden" name="URL" value="https://www.sainsburys.co.uk/webapp/wcs/stores/servlet/CategoryDisplay?langId=44&amp;storeId=10151&amp;krypto=g0CCAERPx%2F40Cyggn3OluE6MDI85EkhssBFXr0H5TvLHlYey%2FjE6O0xJvgrn1iFFzLWWyi3x9Y8uSRKA13TBrMPyZIYLu1HBVqbFxTiDOmV8REkE4FwDCuqrtw9UBXU6VDi7n%2BXgi7Fi3XInrCL7VIMzj89xR3e2R57ixZwIArQ%3D&amp;ddkey=https%3Agb%2Fgroceries%2Ffruit-veg%2Fberries-cherries-currants"/>
		    <input type="hidden" name="page" value=""/>
		    <input type="hidden" name="contractId" value=""/>
		    <input type="hidden" name="calculateOrder" value="1"/>
		    <input type="hidden" name="calculationUsage" value="-1,-2,-3"/>
		    <input type="hidden" name="updateable" value="1"/>
		    <input type="hidden" name="merge" value="***"/>
		     
		   	<input type="hidden" name="callAjax" value="false"/>
		   	
		    
		        <input class="button process"  type="submit" name="Add" value="Add" />
			


		</form>
	<!-- END AddToTrolley.jsp -->
        <div class="numberInTrolley hidden numberInTrolley_581680" id="numberInTrolley_581680">
            
        </div>
    
                                        </div>

                                        <!-- BEGIN CatalogEntryRatingsReviewsInfo.jspf --><!-- productAllowedRatingsAndReviews: true -->
    <div class="reviews">
        
            <a class="numberOfReviews" href="https://www.sainsburys.co.uk/shop/gb/groceries/berries-cherries-currants/sainsburys-british-strawberries-600g-7644644-p-44" >
                <img src="//www.sainsburys.co.uk/wcsstore7.28.113/SainsburysStorefrontAssetStore/img/stars/rating-2_0.gif" alt="2.0" border="0"/>&nbsp; 
                Reviews (1)
            </a>
        
    </div>
<!-- END CatalogEntryRatingsReviewsInfo.jspf -->
                                   </div>
                               <!-- Start AddToSubscriptionList.jspf --><!-- Start AddToSubscriptionList.jsp --><!-- End AddToSubscriptionList.jsp --><!-- End AddToSubscriptionList.jspf -->     
                    </div>
                            
                    
                </div>     
            </div>
            <!--ThumbnailRestriction --><!-- END CatalogEntryThumbnailDisplay.jsp -->
	                            </li>
                                <!-- BEGIN MerchandisingAssociationsDisplay.jsp --><!-- Start - JSP File Name:  MerchandisingAssociationsDisplay.jsp --><!-- END MerchandisingAssociationsDisplay.jsp -->
                                
	                            <li class="gridItem">
		                                   <!-- BEGIN CatalogEntryThumbnailDisplay.jsp -->
            <div class="product "
                >
                
                     
                <div class="productInfo">
                    <div class="productNameAndPromotions">
                        
                                  <h3>
                                    <a href="https://www.sainsburys.co.uk/shop/gb/groceries/berries-cherries-currants/sainsburys-raspberries--taste-the-difference-150g" >
                                        Sainsbury's Raspberries, Taste the Difference 150g
                                        <img src="//www.sainsburys.co.uk/wcsstore7.28.113/ExtendedSitesCatalogAssetStore/images/catalog/productImages/42/0000001835342/0000001835342_L.jpeg" alt="" />
                                    </a>
                                </h3>
                              
                    </div> 
                </div>
                
                <div class="errorBanner hidden" id="error124163"></div>
                <div class="addToTrolleytabBox">   
                    <!--addToTrolleytabBox GRID VIEW --><!-- Start UserSubscribedOrNot.jspf --><!-- Start UserSubscribedOrNot.jsp --><!-- 
			If the user is not logged in, render this opening 
			DIV adding an addtional class to fix the border top which is removed 
			and replaced by the tabs
		-->
		<div class="addToTrolleytabContainer addItemBorderTop">
	<!-- End AddToSubscriptionList.jsp --><!-- End AddSubscriptionList.jspf --><!-- 
                    ATTENTION!!!
                    <div class="addToTrolleytabContainer">
                    This opening div is inside "../../ReusableObjects/UserSubscribedOrNot.jsp"
                    -->
                    <div class="pricingAndTrolleyOptions">
                        
                                    <div class="priceTab priceTabContainer activeContainer addItem" id="addItem_124163">
                                       <div class="pricing">
                                           
	<p class="pricePerUnit">
    Â£2.50<abbr title="per">/</abbr><abbr title="unit"><span class="pricePerUnitUnit">unit</span></abbr>
</p>
 
    <p class="pricePerMeasure">Â£16.67<abbr 
            title="per">/</abbr><abbr 
            title="kilogram"><span class="pricePerMeasureMeasure">kg</span></abbr>
    </p>

                                       </div>                                      

                                     
                                        <div class="addToTrolleyForm "> 
                                           <!-- BEGIN AddToTrolley.jsp --><!-- fire an on add to bag here from  -->
		
		<form class="addToTrolleyForm" name="OrderItemAddForm_124163" action="OrderItemAdd" method="post" id="OrderItemAddForm_124163" class="addToTrolleyForm">
		    <input type="hidden" name="storeId" value="10151"/>
		    <input type="hidden" name="langId" value="44"/>
		    <input type="hidden" name="catalogId" value="10123"/>
		    
		    
		    <input type="hidden" name="errorViewName" value="CategoryDisplayView"/>
		    <input type="hidden" name="SKU_ID" value="7555668"/>
		    <input type="hidden" name="itemType" value=""/>
		    
		    
	           <input type="hidden" name="ItemSKU_ID" value="7555668"/>
	        
		        <label class="access" for="quantity_124162">Quantity</label>
		        
					<input name="quantity"  id="quantity_124162" type="text" size="3" value="1" class="quantity"   />
				
                    <input type="hidden" name="catEntryId" value="124163"/>
                

		        <input type="hidden" name="productId" value="124162"/>
		        
		
		    <input type="hidden" name="URL" value="https://www.sainsburys.co.uk/webapp/wcs/stores/servlet/CategoryDisplay?langId=44&amp;storeId=10151&amp;krypto=g0CCAERPx%2F40Cyggn3OluE6MDI85EkhssBFXr0H5TvLHlYey%2FjE6O0xJvgrn1iFFzLWWyi3x9Y8uSRKA13TBrMPyZIYLu1HBVqbFxTiDOmV8REkE4FwDCuqrtw9UBXU6VDi7n%2BXgi7Fi3XInrCL7VIMzj89xR3e2R57ixZwIArQ%3D&amp;ddkey=https%3Agb%2Fgroceries%2Ffruit-veg%2Fberries-cherries-currants"/>
		    <input type="hidden" name="page" value=""/>
		    <input type="hidden" name="contractId" value=""/>
		    <input type="hidden" name="calculateOrder" value="1"/>
		    <input type="hidden" name="calculationUsage" value="-1,-2,-3"/>
		    <input type="hidden" name="updateable" value="1"/>
		    <input type="hidden" name="merge" value="***"/>
		     
		   	<input type="hidden" name="callAjax" value="false"/>
		   	
		    
		        <input class="button process"  type="submit" name="Add" value="Add" />
			


		</form>
	<!-- END AddToTrolley.jsp -->
        <div class="numberInTrolley hidden numberInTrolley_124162" id="numberInTrolley_124162">
            
        </div>
    
                                        </div>

                                        <!-- BEGIN CatalogEntryRatingsReviewsInfo.jspf --><!-- productAllowedRatingsAndReviews: true -->
    <div class="reviews">
        
	        <a class="numberOfReviews repressive" href="http://reviews.sainsburys.co.uk//8076-en_gb/7555668-P/writereview.htm?submissionurl=https%3A%2F%2Fwww.sainsburys.co.uk%2Fwebapp%2Fwcs%2Fstores%2Fservlet%2FBVReviewSubmitDisplay%3FcatalogId%3D10123%26storeId%3D10151%26recipe%3D%26langId%3D44%26productId%3D7555668-P&return=https%3A%2F%2Fwww.sainsburys.co.uk%2Fwebapp%2Fwcs%2Fstores%2Fservlet%2Fhttp%3A%2F%2Fwww.sainsburys.co.uk%2Fshop%2FCategoryDisplay%3FpageSize%3D36%26catalogId%3D10123%26level%3D2%26top_category%3D12518%26parent_category_rn%3D12518%26langId%3D44%26categoryId%3D12563%26beginIndex%3D0%26storeId%3D10151" >
	    Write a review
          	</a>
        
    </div>
<!-- END CatalogEntryRatingsReviewsInfo.jspf -->
                                   </div>
                               <!-- Start AddToSubscriptionList.jspf --><!-- Start AddToSubscriptionList.jsp --><!-- End AddToSubscriptionList.jsp --><!-- End AddToSubscriptionList.jspf -->     
                    </div>
                            
                    
    
    <div class="badges">
        <ul>
            
                    
                    
                    
                     <li  class="lastchild" >

                        
                            <a href="/shop/gb/groceries/get-ideas/delivery-and-guides/freshness" >
                                         
                        <img src="/wcsstore7.28.113/SainsburysStorefrontAssetStore/wcassets/icons/typical_life/typical_life_2days.jpg" alt="Typical life 2 days" />
                            
                        
                            </a>    
                        
                    </li>
                
        </ul>   
    </div>

                </div>     
            </div>
            <!--ThumbnailRestriction --><!-- END CatalogEntryThumbnailDisplay.jsp -->
	                            </li>
                                <!-- BEGIN MerchandisingAssociationsDisplay.jsp --><!-- Start - JSP File Name:  MerchandisingAssociationsDisplay.jsp --><!-- END MerchandisingAssociationsDisplay.jsp -->
                                
	                            <li class="gridItem">
		                                   <!-- BEGIN CatalogEntryThumbnailDisplay.jsp -->
            <div class="product "
                >
                
                     
                <div class="productInfo">
                    <div class="productNameAndPromotions">
                        
                                  <h3>
                                    <a href="https://www.sainsburys.co.uk/shop/gb/groceries/berries-cherries-currants/sainsburys-blackberries--tangy-150g" >
                                        Sainsbury's Blackberries, Tangy 150g
                                        <img src="//www.sainsburys.co.uk/wcsstore7.28.113/ExtendedSitesCatalogAssetStore/images/catalog/productImages/57/0000001834857/0000001834857_L.jpeg" alt="" />
                                    </a>
                                </h3>
                              
                    </div> 
                </div>
                
                <div class="errorBanner hidden" id="error124059"></div>
                <div class="addToTrolleytabBox">   
                    <!--addToTrolleytabBox GRID VIEW --><!-- Start UserSubscribedOrNot.jspf --><!-- Start UserSubscribedOrNot.jsp --><!-- 
			If the user is not logged in, render this opening 
			DIV adding an addtional class to fix the border top which is removed 
			and replaced by the tabs
		-->
		<div class="addToTrolleytabContainer addItemBorderTop">
	<!-- End AddToSubscriptionList.jsp --><!-- End AddSubscriptionList.jspf --><!-- 
                    ATTENTION!!!
                    <div class="addToTrolleytabContainer">
                    This opening div is inside "../../ReusableObjects/UserSubscribedOrNot.jsp"
                    -->
                    <div class="pricingAndTrolleyOptions">
                        
                                    <div class="priceTab priceTabContainer activeContainer addItem" id="addItem_124059">
                                       <div class="pricing">
                                           
	<p class="pricePerUnit">
    Â£2.00<abbr title="per">/</abbr><abbr title="unit"><span class="pricePerUnitUnit">unit</span></abbr>
</p>
 
    <p class="pricePerMeasure">Â£13.33<abbr 
            title="per">/</abbr><abbr 
            title="kilogram"><span class="pricePerMeasureMeasure">kg</span></abbr>
    </p>

                                       </div>                                      

                                     
                                        <div class="addToTrolleyForm "> 
                                           <!-- BEGIN AddToTrolley.jsp --><!-- fire an on add to bag here from  -->
		
		<form class="addToTrolleyForm" name="OrderItemAddForm_124059" action="OrderItemAdd" method="post" id="OrderItemAddForm_124059" class="addToTrolleyForm">
		    <input type="hidden" name="storeId" value="10151"/>
		    <input type="hidden" name="langId" value="44"/>
		    <input type="hidden" name="catalogId" value="10123"/>
		    
		    
		    <input type="hidden" name="errorViewName" value="CategoryDisplayView"/>
		    <input type="hidden" name="SKU_ID" value="7555125"/>
		    <input type="hidden" name="itemType" value=""/>
		    
		    
	           <input type="hidden" name="ItemSKU_ID" value="7555125"/>
	        
		        <label class="access" for="quantity_124058">Quantity</label>
		        
					<input name="quantity"  id="quantity_124058" type="text" size="3" value="1" class="quantity"   />
				
                    <input type="hidden" name="catEntryId" value="124059"/>
                

		        <input type="hidden" name="productId" value="124058"/>
		        
		
		    <input type="hidden" name="URL" value="https://www.sainsburys.co.uk/webapp/wcs/stores/servlet/CategoryDisplay?langId=44&amp;storeId=10151&amp;krypto=g0CCAERPx%2F40Cyggn3OluE6MDI85EkhssBFXr0H5TvLHlYey%2FjE6O0xJvgrn1iFFzLWWyi3x9Y8uSRKA13TBrMPyZIYLu1HBVqbFxTiDOmV8REkE4FwDCuqrtw9UBXU6VDi7n%2BXgi7Fi3XInrCL7VIMzj89xR3e2R57ixZwIArQ%3D&amp;ddkey=https%3Agb%2Fgroceries%2Ffruit-veg%2Fberries-cherries-currants"/>
		    <input type="hidden" name="page" value=""/>
		    <input type="hidden" name="contractId" value=""/>
		    <input type="hidden" name="calculateOrder" value="1"/>
		    <input type="hidden" name="calculationUsage" value="-1,-2,-3"/>
		    <input type="hidden" name="updateable" value="1"/>
		    <input type="hidden" name="merge" value="***"/>
		     
		   	<input type="hidden" name="callAjax" value="false"/>
		   	
		    
		        <input class="button process"  type="submit" name="Add" value="Add" />
			


		</form>
	<!-- END AddToTrolley.jsp -->
        <div class="numberInTrolley hidden numberInTrolley_124058" id="numberInTrolley_124058">
            
        </div>
    
                                        </div>

                                        <!-- BEGIN CatalogEntryRatingsReviewsInfo.jspf --><!-- productAllowedRatingsAndReviews: true -->
    <div class="reviews">
        
	        <a class="numberOfReviews repressive" href="http://reviews.sainsburys.co.uk//8076-en_gb/7555125-P/writereview.htm?submissionurl=https%3A%2F%2Fwww.sainsburys.co.uk%2Fwebapp%2Fwcs%2Fstores%2Fservlet%2FBVReviewSubmitDisplay%3FcatalogId%3D10123%26storeId%3D10151%26recipe%3D%26langId%3D44%26productId%3D7555125-P&return=https%3A%2F%2Fwww.sainsburys.co.uk%2Fwebapp%2Fwcs%2Fstores%2Fservlet%2Fhttp%3A%2F%2Fwww.sainsburys.co.uk%2Fshop%2FCategoryDisplay%3FpageSize%3D36%26catalogId%3D10123%26level%3D2%26top_category%3D12518%26parent_category_rn%3D12518%26langId%3D44%26categoryId%3D12563%26beginIndex%3D0%26storeId%3D10151" >
	    Write a review
          	</a>
        
    </div>
<!-- END CatalogEntryRatingsReviewsInfo.jspf -->
                                   </div>
                               <!-- Start AddToSubscriptionList.jspf --><!-- Start AddToSubscriptionList.jsp --><!-- End AddToSubscriptionList.jsp --><!-- End AddToSubscriptionList.jspf -->     
                    </div>
                            
                    
    
    <div class="badges">
        <ul>
            
                    
                    
                    
                     <li  class="lastchild" >

                        
                            <a href="/shop/gb/groceries/get-ideas/delivery-and-guides/freshness" >
                                         
                        <img src="/wcsstore7.28.113/SainsburysStorefrontAssetStore/wcassets/icons/typical_life/typical_life_3days.jpg" alt="Typical life 3 days" />
                            
                        
                            </a>    
                        
                    </li>
                
        </ul>   
    </div>

                </div>     
            </div>
            <!--ThumbnailRestriction --><!-- END CatalogEntryThumbnailDisplay.jsp -->
	                            </li>
                                <!-- BEGIN MerchandisingAssociationsDisplay.jsp --><!-- Start - JSP File Name:  MerchandisingAssociationsDisplay.jsp -->
    <div class="coverage ranged"></div>
<!-- END MerchandisingAssociationsDisplay.jsp -->
                                
	                            <li class="gridItem">
		                                   <!-- BEGIN CatalogEntryThumbnailDisplay.jsp -->
                    <div id="hasCrossSell_122141"class="product hasCrossSell  highlighted specialOffer"
                    >
                    
                        <div class="productInfo">
                            <div class="productNameAndPromotions">
                                
                                        <h3>
                                            <a href="https://www.sainsburys.co.uk/shop/gb/groceries/berries-cherries-currants/sainsburys-strawberries--taste-the-difference-300g" >
                                                Sainsbury's Strawberries, Taste the Difference 300g
                                                <img src="//www.sainsburys.co.uk/wcsstore7.28.113/ExtendedSitesCatalogAssetStore/images/catalog/productImages/08/0000001800708/0000001800708_L.jpeg" alt="" />
                                            </a>
                                        </h3>
                                    
    <div class="promotion">
                   
		            <p><a href="https://www.sainsburys.co.uk/shop/PromotionDisplayView?catalogId=10123&langId=44&productId=122140&storeId=10151&promotionId=10309434"><!-- BEGIN include/PromotionStrapline.jspf -->Only Â£2.25: Save 75p<br/>

<!-- FINISH include/PromotionStrapline.jspf -->
		            </a></p>
		                        
    </div>
   
                            </div>
                             
                        </div>
                        
                        
                        
                    
                    <div class="errorBanner hidden" id="error122141"></div>                                 
                    
                    <div class="addToTrolleytabBox">
                        <!-- Start UserSubscribedOrNot.jspf --><!-- Start UserSubscribedOrNot.jsp --><!-- 
			If the user is not logged in, render this opening 
			DIV adding an addtional class to fix the border top which is removed 
			and replaced by the tabs
		-->
		<div class="addToTrolleytabContainer addItemBorderTop">
	<!-- End AddToSubscriptionList.jsp --><!-- End AddSubscriptionList.jspf --><!-- 
                        ATTENTION!!!
                        <div class="addToTrolleytabContainer">
                        This opening div is inside "../../ReusableObjects/UserSubscribedOrNot.jsp"
                        -->
                        
                        <!--  <div class="pricingAndTrolleyFormWrapper"> -->
                    <div class="pricingAndTrolleyOptions">   
                        <div class="priceTab activeContainer priceTabContainer" id="addItem_122141"> 
                            <div class="pricing">
                                
	<p class="pricePerUnit">
    Â£2.25<abbr title="per">/</abbr><abbr title="unit"><span class="pricePerUnitUnit">unit</span></abbr>
</p>
 
    <p class="pricePerMeasure">Â£7.50<abbr 
            title="per">/</abbr><abbr 
            title="kilogram"><span class="pricePerMeasureMeasure">kg</span></abbr>
    </p>

                            </div>                        
                            
                                        <div class="addToTrolleyForm ">                                       
                                            
                                            <!-- BEGIN AddToTrolley.jsp --><!-- fire an on add to bag here from  -->
		
		<form class="addToTrolleyForm" name="OrderItemAddForm_122141" action="OrderItemAdd" method="post" id="OrderItemAddForm_122141" class="addToTrolleyForm">
		    <input type="hidden" name="storeId" value="10151"/>
		    <input type="hidden" name="langId" value="44"/>
		    <input type="hidden" name="catalogId" value="10123"/>
		    
		    
		    <input type="hidden" name="errorViewName" value="CategoryDisplayView"/>
		    <input type="hidden" name="SKU_ID" value="7511198"/>
		    <input type="hidden" name="itemType" value=""/>
		    
		    
	           <input type="hidden" name="ItemSKU_ID" value="7511198"/>
	        
		        <label class="access" for="quantity_122140">Quantity</label>
		        
					<input name="quantity"  id="quantity_122140" type="text" size="3" value="1" class="quantity"   />
				
                    <input type="hidden" name="catEntryId" value="122141"/>
                

		        <input type="hidden" name="productId" value="122140"/>
		        
		
		    <input type="hidden" name="URL" value="https://www.sainsburys.co.uk/webapp/wcs/stores/servlet/CategoryDisplay?langId=44&amp;storeId=10151&amp;krypto=g0CCAERPx%2F40Cyggn3OluE6MDI85EkhssBFXr0H5TvLHlYey%2FjE6O0xJvgrn1iFFzLWWyi3x9Y8uSRKA13TBrMPyZIYLu1HBVqbFxTiDOmV8REkE4FwDCuqrtw9UBXU6VDi7n%2BXgi7Fi3XInrCL7VIMzj89xR3e2R57ixZwIArQ%3D&amp;ddkey=https%3Agb%2Fgroceries%2Ffruit-veg%2Fberries-cherries-currants"/>
		    <input type="hidden" name="page" value=""/>
		    <input type="hidden" name="contractId" value=""/>
		    <input type="hidden" name="calculateOrder" value="1"/>
		    <input type="hidden" name="calculationUsage" value="-1,-2,-3"/>
		    <input type="hidden" name="updateable" value="1"/>
		    <input type="hidden" name="merge" value="***"/>
		     
		   	<input type="hidden" name="callAjax" value="false"/>
		   	
		    
		        <input class="button process"  type="submit" name="Add" value="Add" />
			


		</form>
	<!-- END AddToTrolley.jsp -->
        <div class="numberInTrolley hidden numberInTrolley_122140" id="numberInTrolley_122140">
            
        </div>
    
                                        </div>
                                        
                        </div>
                        <!-- Start AddToSubscriptionList.jspf --><!-- Start AddToSubscriptionList.jsp --><!-- End AddToSubscriptionList.jsp --><!-- End AddToSubscriptionList.jspf -->
                    </div>
                                
                        <!-- </div> -->
                </div>     
            </div>

            
            <div class="strapline">
                <a href="https://www.sainsburys.co.uk/shop/PromotionDisplayView?catalogId=10123&langId=44&productId=122140&storeId=10151&promotionId=10309434"><img src="/wcsstore7.28.113/SainsburysStorefrontAssetStore/wcassets/icons/special/img-special-offer.png" alt="Special Offer" />
                </a>
            </div>
          <!--ThumbnailRestriction -->
                        
               <div id="additionalItems_122141" class="additionalItems">
                    <!-- BEGIN MerchandisingAssociationsDisplay.jsp --><!-- Start - JSP File Name:  MerchandisingAssociationsDisplay.jsp --><!-- BEGIN CatalogEntryThumbnailMerchandisingAssociation.jspf -->                    
                    <div id="sitecatalyst_SELL_TYPE_116244" class="siteCatalystTag">X-SELL</div>
                    <div class="crossSell">
                        <div class="crossSellTitle">
                            <!-- BEGIN ContentDisplay.jsp -->
	                <img
	                    src='/wcsstore7.28.113/SainsburysStorefrontAssetStore/wcassets/merchandising_associations/try_with_grid_202x32.gif'
	                    alt='wcassets/merchandising_associations/try_with_grid_202x32.gif'
	                    border="0"
	                />
	                <!-- end: ContentDisplay.jsp -->
                        </div>
                        <div class="errorBanner hidden" id="error122140116245"></div>
                        <div class="crossSellContent">
	                        <div class="pricingAndTrolleyFormWrapper"> 
		                         <div class="pricingReviews">
		                            <div class="pricing">
		                                
	<p class="pricePerUnit">
    Â£1.10<abbr title="per">/</abbr><abbr title="unit"><span class="pricePerUnitUnit">unit</span></abbr>
</p>
 
    <p class="pricePerMeasure">Â£0.37<abbr 
            title="per">/</abbr>100<abbr 
            title="millilitre"><span class="pricePerMeasureMeasure">ml</span></abbr>
    </p>

		                            </div>
		                        </div>
		                        <div class="addToTrolleyForm ">
		                           
		                            <!-- BEGIN AddToTrolley.jsp --><!-- fire an on add to bag here from  -->
		
		<form class="addToTrolleyForm" name="OrderItemAddForm_116245_122140" action="OrderItemAdd" method="post" id="OrderItemAddForm_122140_116245" class="addToTrolleyForm">
		    <input type="hidden" name="storeId" value="10151"/>
		    <input type="hidden" name="langId" value="44"/>
		    <input type="hidden" name="catalogId" value="10123"/>
		    
		    
		    <input type="hidden" name="errorViewName" value="CategoryDisplayView"/>
		    <input type="hidden" name="SKU_ID" value="6615223"/>
		    <input type="hidden" name="itemType" value="X-SELL"/>
		    
		    
	           <input type="hidden" name="ItemSKU_ID" value="6615223"/>
	        
		        <label class="access" for="quantity_116244">Quantity</label>
		        
					<input name="quantity"  id="quantity_116244" type="text" size="3" value="1" class="quantity"   />
				
                    <input type="hidden" name="catEntryId" value="116245"/>
                

		        <input type="hidden" name="productId" value="116244"/>
		        
		
		    <input type="hidden" name="URL" value="https://www.sainsburys.co.uk/webapp/wcs/stores/servlet/CategoryDisplay?langId=44&amp;storeId=10151&amp;krypto=g0CCAERPx%2F40Cyggn3OluE6MDI85EkhssBFXr0H5TvLHlYey%2FjE6O0xJvgrn1iFFzLWWyi3x9Y8uSRKA13TBrMPyZIYLu1HBVqbFxTiDOmV8REkE4FwDCuqrtw9UBXU6VDi7n%2BXgi7Fi3XInrCL7VIMzj89xR3e2R57ixZwIArQ%3D&amp;ddkey=https%3Agb%2Fgroceries%2Ffruit-veg%2Fberries-cherries-currants"/>
		    <input type="hidden" name="page" value=""/>
		    <input type="hidden" name="contractId" value=""/>
		    <input type="hidden" name="calculateOrder" value="1"/>
		    <input type="hidden" name="calculationUsage" value="-1,-2,-3"/>
		    <input type="hidden" name="updateable" value="1"/>
		    <input type="hidden" name="merge" value="***"/>
		     
		   	<input type="hidden" name="callAjax" value="false"/>
		   	
		    
		        <input class="button process"  type="submit" name="Add" value="Add" />
			


		</form>
	<!-- END AddToTrolley.jsp -->
        <div class="numberInTrolley hidden numberInTrolley_116244" id="numberInTrolley_116244">
            
        </div>
    
		                        </div>
		                    </div>                
	                        <div class="crossSellInfo">
	                            <h4 class="crossSellName">
                                    <span class="access">Try this product with </span>
	                                <a href="https://www.sainsburys.co.uk/shop/gb/groceries/sainsburys-whipping-cream-300ml">
	                                    Sainsbury's British Whipping Fresh Cream 330ml
	                                    <img src="/wcsstore7.28.113/ExtendedSitesCatalogAssetStore/images/catalog/productImages/16/0000001510416/0000001510416_S.jpeg" alt="" />
	                                </a>
	                            </h4>
	                            
	                        </div>
	                    </div>
	                    <!--ThumbnailRestriction -->
                    </div>                
            
                <!-- END CatalogEntryThumbnailMerchandisingAssociation.jspf --><!-- END MerchandisingAssociationsDisplay.jsp --> 
                </div>
        <!-- END CatalogEntryThumbnailDisplay.jsp -->
	                            </li>
                                <!-- BEGIN MerchandisingAssociationsDisplay.jsp --><!-- Start - JSP File Name:  MerchandisingAssociationsDisplay.jsp --><!-- END MerchandisingAssociationsDisplay.jsp -->
                                
	                            <li class="gridItem">
		                                   <!-- BEGIN CatalogEntryThumbnailDisplay.jsp -->
            <div class="product "
                >
                
                     
                <div class="productInfo">
                    <div class="productNameAndPromotions">
                        
                                  <h3>
                                    <a href="https://www.sainsburys.co.uk/shop/gb/groceries/berries-cherries-currants/sainsburys-blueberries-100g" >
                                        Sainsbury's Blueberries 100g
                                        <img src="//www.sainsburys.co.uk/wcsstore7.28.113/ExtendedSitesCatalogAssetStore/images/catalog/productImages/07/0000000206907/0000000206907_L.jpeg" alt="" />
                                    </a>
                                </h3>
                              
                    </div> 
                </div>
                
                <div class="errorBanner hidden" id="error890517"></div>
                <div class="addToTrolleytabBox">   
                    <!--addToTrolleytabBox GRID VIEW --><!-- Start UserSubscribedOrNot.jspf --><!-- Start UserSubscribedOrNot.jsp --><!-- 
			If the user is not logged in, render this opening 
			DIV adding an addtional class to fix the border top which is removed 
			and replaced by the tabs
		-->
		<div class="addToTrolleytabContainer addItemBorderTop">
	<!-- End AddToSubscriptionList.jsp --><!-- End AddSubscriptionList.jspf --><!-- 
                    ATTENTION!!!
                    <div class="addToTrolleytabContainer">
                    This opening div is inside "../../ReusableObjects/UserSubscribedOrNot.jsp"
                    -->
                    <div class="pricingAndTrolleyOptions">
                        
                                    <div class="priceTab priceTabContainer activeContainer addItem" id="addItem_890517">
                                       <div class="pricing">
                                           
	<p class="pricePerUnit">
    Â£1.00<abbr title="per">/</abbr><abbr title="unit"><span class="pricePerUnitUnit">unit</span></abbr>
</p>
 
    <p class="pricePerMeasure">Â£10.00<abbr 
            title="per">/</abbr><abbr 
            title="kilogram"><span class="pricePerMeasureMeasure">kg</span></abbr>
    </p>

                                       </div>                                      

                                     
                                        <div class="addToTrolleyForm "> 
                                           <!-- BEGIN AddToTrolley.jsp --><!-- fire an on add to bag here from  -->
		
		<form class="addToTrolleyForm" name="OrderItemAddForm_890517" action="OrderItemAdd" method="post" id="OrderItemAddForm_890517" class="addToTrolleyForm">
		    <input type="hidden" name="storeId" value="10151"/>
		    <input type="hidden" name="langId" value="44"/>
		    <input type="hidden" name="catalogId" value="10123"/>
		    
		    
		    <input type="hidden" name="errorViewName" value="CategoryDisplayView"/>
		    <input type="hidden" name="SKU_ID" value="7751665"/>
		    <input type="hidden" name="itemType" value=""/>
		    
		    
	           <input type="hidden" name="ItemSKU_ID" value="7751665"/>
	        
		        <label class="access" for="quantity_890516">Quantity</label>
		        
					<input name="quantity"  id="quantity_890516" type="text" size="3" value="1" class="quantity"   />
				
                    <input type="hidden" name="catEntryId" value="890517"/>
                

		        <input type="hidden" name="productId" value="890516"/>
		        
		
		    <input type="hidden" name="URL" value="https://www.sainsburys.co.uk/webapp/wcs/stores/servlet/CategoryDisplay?langId=44&amp;storeId=10151&amp;krypto=g0CCAERPx%2F40Cyggn3OluE6MDI85EkhssBFXr0H5TvLHlYey%2FjE6O0xJvgrn1iFFzLWWyi3x9Y8uSRKA13TBrMPyZIYLu1HBVqbFxTiDOmV8REkE4FwDCuqrtw9UBXU6VDi7n%2BXgi7Fi3XInrCL7VIMzj89xR3e2R57ixZwIArQ%3D&amp;ddkey=https%3Agb%2Fgroceries%2Ffruit-veg%2Fberries-cherries-currants"/>
		    <input type="hidden" name="page" value=""/>
		    <input type="hidden" name="contractId" value=""/>
		    <input type="hidden" name="calculateOrder" value="1"/>
		    <input type="hidden" name="calculationUsage" value="-1,-2,-3"/>
		    <input type="hidden" name="updateable" value="1"/>
		    <input type="hidden" name="merge" value="***"/>
		     
		   	<input type="hidden" name="callAjax" value="false"/>
		   	
		    
		        <input class="button process"  type="submit" name="Add" value="Add" />
			


		</form>
	<!-- END AddToTrolley.jsp -->
        <div class="numberInTrolley hidden numberInTrolley_890516" id="numberInTrolley_890516">
            
        </div>
    
                                        </div>

                                        <!-- BEGIN CatalogEntryRatingsReviewsInfo.jspf --><!-- productAllowedRatingsAndReviews: true -->
    <div class="reviews">
        
	        <a class="numberOfReviews repressive" href="http://reviews.sainsburys.co.uk//8076-en_gb/7751665-P/writereview.htm?submissionurl=https%3A%2F%2Fwww.sainsburys.co.uk%2Fwebapp%2Fwcs%2Fstores%2Fservlet%2FBVReviewSubmitDisplay%3FcatalogId%3D10123%26storeId%3D10151%26recipe%3D%26langId%3D44%26productId%3D7751665-P&return=https%3A%2F%2Fwww.sainsburys.co.uk%2Fwebapp%2Fwcs%2Fstores%2Fservlet%2Fhttp%3A%2F%2Fwww.sainsburys.co.uk%2Fshop%2FCategoryDisplay%3FpageSize%3D36%26catalogId%3D10123%26level%3D2%26top_category%3D12518%26parent_category_rn%3D12518%26langId%3D44%26categoryId%3D12563%26beginIndex%3D0%26storeId%3D10151" >
	    Write a review
          	</a>
        
    </div>
<!-- END CatalogEntryRatingsReviewsInfo.jspf -->
                                   </div>
                               <!-- Start AddToSubscriptionList.jspf --><!-- Start AddToSubscriptionList.jsp --><!-- End AddToSubscriptionList.jsp --><!-- End AddToSubscriptionList.jspf -->     
                    </div>
                            
                    
    
    <div class="badges">
        <ul>
            
                    
                    
                    
                     <li  class="lastchild" >

                        
                            <a href="/shop/gb/groceries/get-ideas/delivery-and-guides/freshness" >
                                         
                        <img src="/wcsstore7.28.113/SainsburysStorefrontAssetStore/wcassets/icons/typical_life/typical_life_2days.jpg" alt="Typical life 2 days" />
                            
                        
                            </a>    
                        
                    </li>
                
        </ul>   
    </div>

                </div>     
            </div>
            <!--ThumbnailRestriction --><!-- END CatalogEntryThumbnailDisplay.jsp -->
	                            </li>
                                <!-- BEGIN MerchandisingAssociationsDisplay.jsp --><!-- Start - JSP File Name:  MerchandisingAssociationsDisplay.jsp -->
    <div class="coverage ranged"></div>
<!-- END MerchandisingAssociationsDisplay.jsp -->
                                
	                            <li class="gridItem">
		                                   <!-- BEGIN CatalogEntryThumbnailDisplay.jsp -->
                    <div id="hasCrossSell_122081"class="product hasCrossSell "
                    >
                    
                        <div class="productInfo">
                            <div class="productNameAndPromotions">
                                
                                        <h3>
                                            <a href="https://www.sainsburys.co.uk/shop/gb/groceries/berries-cherries-currants/sainsburys-strawberries--so-organic-300g" >
                                                Sainsbury's Strawberries, SO Organic 300g
                                                <img src="//www.sainsburys.co.uk/wcsstore7.28.113/ExtendedSitesCatalogAssetStore/images/catalog/productImages/73/0000001800173/0000001800173_L.jpeg" alt="" />
                                            </a>
                                        </h3>
                                       
                            </div>
                             
                        </div>
                        
                        
                        
                    
                    <div class="errorBanner hidden" id="error122081"></div>                                 
                    
                    <div class="addToTrolleytabBox">
                        <!-- Start UserSubscribedOrNot.jspf --><!-- Start UserSubscribedOrNot.jsp --><!-- 
			If the user is not logged in, render this opening 
			DIV adding an addtional class to fix the border top which is removed 
			and replaced by the tabs
		-->
		<div class="addToTrolleytabContainer addItemBorderTop">
	<!-- End AddToSubscriptionList.jsp --><!-- End AddSubscriptionList.jspf --><!-- 
                        ATTENTION!!!
                        <div class="addToTrolleytabContainer">
                        This opening div is inside "../../ReusableObjects/UserSubscribedOrNot.jsp"
                        -->
                        
                        <!--  <div class="pricingAndTrolleyFormWrapper"> -->
                    <div class="pricingAndTrolleyOptions">   
                        <div class="priceTab activeContainer priceTabContainer" id="addItem_122081"> 
                            <div class="pricing">
                                
	<p class="pricePerUnit">
    Â£2.50<abbr title="per">/</abbr><abbr title="unit"><span class="pricePerUnitUnit">unit</span></abbr>
</p>
 
    <p class="pricePerMeasure">Â£8.33<abbr 
            title="per">/</abbr><abbr 
            title="kilogram"><span class="pricePerMeasureMeasure">kg</span></abbr>
    </p>

                            </div>                        
                            
                                        <div class="addToTrolleyForm ">                                       
                                            
                                            <!-- BEGIN AddToTrolley.jsp --><!-- fire an on add to bag here from  -->
		
		<form class="addToTrolleyForm" name="OrderItemAddForm_122081" action="OrderItemAdd" method="post" id="OrderItemAddForm_122081" class="addToTrolleyForm">
		    <input type="hidden" name="storeId" value="10151"/>
		    <input type="hidden" name="langId" value="44"/>
		    <input type="hidden" name="catalogId" value="10123"/>
		    
		    
		    <input type="hidden" name="errorViewName" value="CategoryDisplayView"/>
		    <input type="hidden" name="SKU_ID" value="7510630"/>
		    <input type="hidden" name="itemType" value=""/>
		    
		    
	           <input type="hidden" name="ItemSKU_ID" value="7510630"/>
	        
		        <label class="access" for="quantity_122080">Quantity</label>
		        
					<input name="quantity"  id="quantity_122080" type="text" size="3" value="1" class="quantity"   />
				
                    <input type="hidden" name="catEntryId" value="122081"/>
                

		        <input type="hidden" name="productId" value="122080"/>
		        
		
		    <input type="hidden" name="URL" value="https://www.sainsburys.co.uk/webapp/wcs/stores/servlet/CategoryDisplay?langId=44&amp;storeId=10151&amp;krypto=g0CCAERPx%2F40Cyggn3OluE6MDI85EkhssBFXr0H5TvLHlYey%2FjE6O0xJvgrn1iFFzLWWyi3x9Y8uSRKA13TBrMPyZIYLu1HBVqbFxTiDOmV8REkE4FwDCuqrtw9UBXU6VDi7n%2BXgi7Fi3XInrCL7VIMzj89xR3e2R57ixZwIArQ%3D&amp;ddkey=https%3Agb%2Fgroceries%2Ffruit-veg%2Fberries-cherries-currants"/>
		    <input type="hidden" name="page" value=""/>
		    <input type="hidden" name="contractId" value=""/>
		    <input type="hidden" name="calculateOrder" value="1"/>
		    <input type="hidden" name="calculationUsage" value="-1,-2,-3"/>
		    <input type="hidden" name="updateable" value="1"/>
		    <input type="hidden" name="merge" value="***"/>
		     
		   	<input type="hidden" name="callAjax" value="false"/>
		   	
		    
		        <input class="button process"  type="submit" name="Add" value="Add" />
			


		</form>
	<!-- END AddToTrolley.jsp -->
        <div class="numberInTrolley hidden numberInTrolley_122080" id="numberInTrolley_122080">
            
        </div>
    
                                        </div>
                                        
                        </div>
                        <!-- Start AddToSubscriptionList.jspf --><!-- Start AddToSubscriptionList.jsp --><!-- End AddToSubscriptionList.jsp --><!-- End AddToSubscriptionList.jspf -->
                    </div>
                                
                        <!-- </div> -->
                </div>     
            </div>

            <!--ThumbnailRestriction -->
                        
               <div id="additionalItems_122081" class="additionalItems">
                    <!-- BEGIN MerchandisingAssociationsDisplay.jsp --><!-- Start - JSP File Name:  MerchandisingAssociationsDisplay.jsp --><!-- BEGIN CatalogEntryThumbnailMerchandisingAssociation.jspf -->                    
                    <div id="sitecatalyst_SELL_TYPE_116236" class="siteCatalystTag">X-SELL</div>
                    <div class="crossSell">
                        <div class="crossSellTitle">
                            <!-- BEGIN ContentDisplay.jsp -->
	                <img
	                    src='/wcsstore7.28.113/SainsburysStorefrontAssetStore/wcassets/merchandising_associations/try_with_grid_202x32.gif'
	                    alt='wcassets/merchandising_associations/try_with_grid_202x32.gif'
	                    border="0"
	                />
	                <!-- end: ContentDisplay.jsp -->
                        </div>
                        <div class="errorBanner hidden" id="error122080116237"></div>
                        <div class="crossSellContent">
	                        <div class="pricingAndTrolleyFormWrapper"> 
		                         <div class="pricingReviews">
		                            <div class="pricing">
		                                
	<p class="pricePerUnit">
    Â£1.25<abbr title="per">/</abbr><abbr title="unit"><span class="pricePerUnitUnit">unit</span></abbr>
</p>
 
    <p class="pricePerMeasure">Â£0.42<abbr 
            title="per">/</abbr>100<abbr 
            title="millilitre"><span class="pricePerMeasureMeasure">ml</span></abbr>
    </p>

		                            </div>
		                        </div>
		                        <div class="addToTrolleyForm ">
		                           
		                            <!-- BEGIN AddToTrolley.jsp --><!-- fire an on add to bag here from  -->
		
		<form class="addToTrolleyForm" name="OrderItemAddForm_116237_122080" action="OrderItemAdd" method="post" id="OrderItemAddForm_122080_116237" class="addToTrolleyForm">
		    <input type="hidden" name="storeId" value="10151"/>
		    <input type="hidden" name="langId" value="44"/>
		    <input type="hidden" name="catalogId" value="10123"/>
		    
		    
		    <input type="hidden" name="errorViewName" value="CategoryDisplayView"/>
		    <input type="hidden" name="SKU_ID" value="6615203"/>
		    <input type="hidden" name="itemType" value="X-SELL"/>
		    
		    
	           <input type="hidden" name="ItemSKU_ID" value="6615203"/>
	        
		        <label class="access" for="quantity_116236">Quantity</label>
		        
					<input name="quantity"  id="quantity_116236" type="text" size="3" value="1" class="quantity"   />
				
                    <input type="hidden" name="catEntryId" value="116237"/>
                

		        <input type="hidden" name="productId" value="116236"/>
		        
		
		    <input type="hidden" name="URL" value="https://www.sainsburys.co.uk/webapp/wcs/stores/servlet/CategoryDisplay?langId=44&amp;storeId=10151&amp;krypto=g0CCAERPx%2F40Cyggn3OluE6MDI85EkhssBFXr0H5TvLHlYey%2FjE6O0xJvgrn1iFFzLWWyi3x9Y8uSRKA13TBrMPyZIYLu1HBVqbFxTiDOmV8REkE4FwDCuqrtw9UBXU6VDi7n%2BXgi7Fi3XInrCL7VIMzj89xR3e2R57ixZwIArQ%3D&amp;ddkey=https%3Agb%2Fgroceries%2Ffruit-veg%2Fberries-cherries-currants"/>
		    <input type="hidden" name="page" value=""/>
		    <input type="hidden" name="contractId" value=""/>
		    <input type="hidden" name="calculateOrder" value="1"/>
		    <input type="hidden" name="calculationUsage" value="-1,-2,-3"/>
		    <input type="hidden" name="updateable" value="1"/>
		    <input type="hidden" name="merge" value="***"/>
		     
		   	<input type="hidden" name="callAjax" value="false"/>
		   	
		    
		        <input class="button process"  type="submit" name="Add" value="Add" />
			


		</form>
	<!-- END AddToTrolley.jsp -->
        <div class="numberInTrolley hidden numberInTrolley_116236" id="numberInTrolley_116236">
            
        </div>
    
		                        </div>
		                    </div>                
	                        <div class="crossSellInfo">
	                            <h4 class="crossSellName">
                                    <span class="access">Try this product with </span>
	                                <a href="https://www.sainsburys.co.uk/shop/gb/groceries/sainsburys-extra-thick-double-cream-300ml">
	                                    Sainsbury's British Extra Thick Double Fresh Cream 300ml
	                                    <img src="/wcsstore7.28.113/ExtendedSitesCatalogAssetStore/images/catalog/productImages/55/0000001510355/0000001510355_S.jpeg" alt="" />
	                                </a>
	                            </h4>
	                            
	                        </div>
	                    </div>
	                    <!--ThumbnailRestriction -->
                    </div>                
            
                <!-- END CatalogEntryThumbnailMerchandisingAssociation.jspf --><!-- END MerchandisingAssociationsDisplay.jsp --> 
                </div>
        <!-- END CatalogEntryThumbnailDisplay.jsp -->
	                            </li>
                                <!-- BEGIN MerchandisingAssociationsDisplay.jsp --><!-- Start - JSP File Name:  MerchandisingAssociationsDisplay.jsp --><!-- END MerchandisingAssociationsDisplay.jsp -->
                                
	                            <li class="gridItem">
		                                   <!-- BEGIN CatalogEntryThumbnailDisplay.jsp -->
            <div class="product "
                >
                
                     
                <div class="productInfo">
                    <div class="productNameAndPromotions">
                        
                                  <h3>
                                    <a href="https://www.sainsburys.co.uk/shop/gb/groceries/berries-cherries-currants/sainsburys-raspberries--so-organic-125g" >
                                        Sainsbury's Raspberries, SO Organic 125g
                                        <img src="//www.sainsburys.co.uk/wcsstore7.28.113/ExtendedSitesCatalogAssetStore/images/catalog/productImages/04/0000001835304/0000001835304_L.jpeg" alt="" />
                                    </a>
                                </h3>
                              
                    </div> 
                </div>
                
                <div class="errorBanner hidden" id="error124109"></div>
                <div class="addToTrolleytabBox">   
                    <!--addToTrolleytabBox GRID VIEW --><!-- Start UserSubscribedOrNot.jspf --><!-- Start UserSubscribedOrNot.jsp --><!-- 
			If the user is not logged in, render this opening 
			DIV adding an addtional class to fix the border top which is removed 
			and replaced by the tabs
		-->
		<div class="addToTrolleytabContainer addItemBorderTop">
	<!-- End AddToSubscriptionList.jsp --><!-- End AddSubscriptionList.jspf --><!-- 
                    ATTENTION!!!
                    <div class="addToTrolleytabContainer">
                    This opening div is inside "../../ReusableObjects/UserSubscribedOrNot.jsp"
                    -->
                    <div class="pricingAndTrolleyOptions">
                        
                                    <div class="priceTab priceTabContainer activeContainer addItem" id="addItem_124109">
                                       <div class="pricing">
                                           
	<p class="pricePerUnit">
    Â£2.50<abbr title="per">/</abbr><abbr title="unit"><span class="pricePerUnitUnit">unit</span></abbr>
</p>
 
    <p class="pricePerMeasure">Â£20.00<abbr 
            title="per">/</abbr><abbr 
            title="kilogram"><span class="pricePerMeasureMeasure">kg</span></abbr>
    </p>

                                       </div>                                      

                                     
                                        <div class="addToTrolleyForm "> 
                                           <!-- BEGIN AddToTrolley.jsp --><!-- fire an on add to bag here from  -->
		
		<form class="addToTrolleyForm" name="OrderItemAddForm_124109" action="OrderItemAdd" method="post" id="OrderItemAddForm_124109" class="addToTrolleyForm">
		    <input type="hidden" name="storeId" value="10151"/>
		    <input type="hidden" name="langId" value="44"/>
		    <input type="hidden" name="catalogId" value="10123"/>
		    
		    
		    <input type="hidden" name="errorViewName" value="CategoryDisplayView"/>
		    <input type="hidden" name="SKU_ID" value="7555541"/>
		    <input type="hidden" name="itemType" value=""/>
		    
		    
	           <input type="hidden" name="ItemSKU_ID" value="7555541"/>
	        
		        <label class="access" for="quantity_124108">Quantity</label>
		        
					<input name="quantity"  id="quantity_124108" type="text" size="3" value="1" class="quantity"   />
				
                    <input type="hidden" name="catEntryId" value="124109"/>
                

		        <input type="hidden" name="productId" value="124108"/>
		        
		
		    <input type="hidden" name="URL" value="https://www.sainsburys.co.uk/webapp/wcs/stores/servlet/CategoryDisplay?langId=44&amp;storeId=10151&amp;krypto=g0CCAERPx%2F40Cyggn3OluE6MDI85EkhssBFXr0H5TvLHlYey%2FjE6O0xJvgrn1iFFzLWWyi3x9Y8uSRKA13TBrMPyZIYLu1HBVqbFxTiDOmV8REkE4FwDCuqrtw9UBXU6VDi7n%2BXgi7Fi3XInrCL7VIMzj89xR3e2R57ixZwIArQ%3D&amp;ddkey=https%3Agb%2Fgroceries%2Ffruit-veg%2Fberries-cherries-currants"/>
		    <input type="hidden" name="page" value=""/>
		    <input type="hidden" name="contractId" value=""/>
		    <input type="hidden" name="calculateOrder" value="1"/>
		    <input type="hidden" name="calculationUsage" value="-1,-2,-3"/>
		    <input type="hidden" name="updateable" value="1"/>
		    <input type="hidden" name="merge" value="***"/>
		     
		   	<input type="hidden" name="callAjax" value="false"/>
		   	
		    
		        <input class="button process"  type="submit" name="Add" value="Add" />
			


		</form>
	<!-- END AddToTrolley.jsp -->
        <div class="numberInTrolley hidden numberInTrolley_124108" id="numberInTrolley_124108">
            
        </div>
    
                                        </div>

                                        <!-- BEGIN CatalogEntryRatingsReviewsInfo.jspf --><!-- productAllowedRatingsAndReviews: true -->
    <div class="reviews">
        
	        <a class="numberOfReviews repressive" href="http://reviews.sainsburys.co.uk//8076-en_gb/7555541-P/writereview.htm?submissionurl=https%3A%2F%2Fwww.sainsburys.co.uk%2Fwebapp%2Fwcs%2Fstores%2Fservlet%2FBVReviewSubmitDisplay%3FcatalogId%3D10123%26storeId%3D10151%26recipe%3D%26langId%3D44%26productId%3D7555541-P&return=https%3A%2F%2Fwww.sainsburys.co.uk%2Fwebapp%2Fwcs%2Fstores%2Fservlet%2Fhttp%3A%2F%2Fwww.sainsburys.co.uk%2Fshop%2FCategoryDisplay%3FpageSize%3D36%26catalogId%3D10123%26level%3D2%26top_category%3D12518%26parent_category_rn%3D12518%26langId%3D44%26categoryId%3D12563%26beginIndex%3D0%26storeId%3D10151" >
	    Write a review
          	</a>
        
    </div>
<!-- END CatalogEntryRatingsReviewsInfo.jspf -->
                                   </div>
                               <!-- Start AddToSubscriptionList.jspf --><!-- Start AddToSubscriptionList.jsp --><!-- End AddToSubscriptionList.jsp --><!-- End AddToSubscriptionList.jspf -->     
                    </div>
                            
                    
    
    <div class="badges">
        <ul>
            
                    
                    
                    
                     <li  class="lastchild" >

                        
                            <a href="/shop/gb/groceries/get-ideas/delivery-and-guides/freshness" >
                                         
                        <img src="/wcsstore7.28.113/SainsburysStorefrontAssetStore/wcassets/icons/typical_life/typical_life_2days.jpg" alt="Typical life 2 days" />
                            
                        
                            </a>    
                        
                    </li>
                
        </ul>   
    </div>

                </div>     
            </div>
            <!--ThumbnailRestriction --><!-- END CatalogEntryThumbnailDisplay.jsp -->
	                            </li>
                                <!-- BEGIN MerchandisingAssociationsDisplay.jsp --><!-- Start - JSP File Name:  MerchandisingAssociationsDisplay.jsp --><!-- END MerchandisingAssociationsDisplay.jsp -->
                                
	                            <li class="gridItem">
		                                   <!-- BEGIN CatalogEntryThumbnailDisplay.jsp -->
            <div class="product "
                >
                
                     
                <div class="productInfo">
                    <div class="productNameAndPromotions">
                        
                                  <h3>
                                    <a href="https://www.sainsburys.co.uk/shop/gb/groceries/berries-cherries-currants/sainsburys-mixed-berries-300g" >
                                        Sainsbury's Mixed Berries 300g
                                        <img src="//www.sainsburys.co.uk/wcsstore7.28.113/ExtendedSitesCatalogAssetStore/images/catalog/productImages/98/0000001835298/0000001835298_L.jpeg" alt="" />
                                    </a>
                                </h3>
                              
                    </div> 
                </div>
                
                <div class="errorBanner hidden" id="error124103"></div>
                <div class="addToTrolleytabBox">   
                    <!--addToTrolleytabBox GRID VIEW --><!-- Start UserSubscribedOrNot.jspf --><!-- Start UserSubscribedOrNot.jsp --><!-- 
			If the user is not logged in, render this opening 
			DIV adding an addtional class to fix the border top which is removed 
			and replaced by the tabs
		-->
		<div class="addToTrolleytabContainer addItemBorderTop">
	<!-- End AddToSubscriptionList.jsp --><!-- End AddSubscriptionList.jspf --><!-- 
                    ATTENTION!!!
                    <div class="addToTrolleytabContainer">
                    This opening div is inside "../../ReusableObjects/UserSubscribedOrNot.jsp"
                    -->
                    <div class="pricingAndTrolleyOptions">
                        
                                    <div class="priceTab priceTabContainer activeContainer addItem" id="addItem_124103">
                                       <div class="pricing">
                                           
	<p class="pricePerUnit">
    Â£3.50<abbr title="per">/</abbr><abbr title="unit"><span class="pricePerUnitUnit">unit</span></abbr>
</p>
 
    <p class="pricePerMeasure">Â£11.67<abbr 
            title="per">/</abbr><abbr 
            title="kilogram"><span class="pricePerMeasureMeasure">kg</span></abbr>
    </p>

                                       </div>                                      

                                     
                                        <div class="addToTrolleyForm "> 
                                           <!-- BEGIN AddToTrolley.jsp --><!-- fire an on add to bag here from  -->
		
		<form class="addToTrolleyForm" name="OrderItemAddForm_124103" action="OrderItemAdd" method="post" id="OrderItemAddForm_124103" class="addToTrolleyForm">
		    <input type="hidden" name="storeId" value="10151"/>
		    <input type="hidden" name="langId" value="44"/>
		    <input type="hidden" name="catalogId" value="10123"/>
		    
		    
		    <input type="hidden" name="errorViewName" value="CategoryDisplayView"/>
		    <input type="hidden" name="SKU_ID" value="7555515"/>
		    <input type="hidden" name="itemType" value=""/>
		    
		    
	           <input type="hidden" name="ItemSKU_ID" value="7555515"/>
	        
		        <label class="access" for="quantity_124102">Quantity</label>
		        
					<input name="quantity"  id="quantity_124102" type="text" size="3" value="1" class="quantity"   />
				
                    <input type="hidden" name="catEntryId" value="124103"/>
                

		        <input type="hidden" name="productId" value="124102"/>
		        
		
		    <input type="hidden" name="URL" value="https://www.sainsburys.co.uk/webapp/wcs/stores/servlet/CategoryDisplay?langId=44&amp;storeId=10151&amp;krypto=g0CCAERPx%2F40Cyggn3OluE6MDI85EkhssBFXr0H5TvLHlYey%2FjE6O0xJvgrn1iFFzLWWyi3x9Y8uSRKA13TBrMPyZIYLu1HBVqbFxTiDOmV8REkE4FwDCuqrtw9UBXU6VDi7n%2BXgi7Fi3XInrCL7VIMzj89xR3e2R57ixZwIArQ%3D&amp;ddkey=https%3Agb%2Fgroceries%2Ffruit-veg%2Fberries-cherries-currants"/>
		    <input type="hidden" name="page" value=""/>
		    <input type="hidden" name="contractId" value=""/>
		    <input type="hidden" name="calculateOrder" value="1"/>
		    <input type="hidden" name="calculationUsage" value="-1,-2,-3"/>
		    <input type="hidden" name="updateable" value="1"/>
		    <input type="hidden" name="merge" value="***"/>
		     
		   	<input type="hidden" name="callAjax" value="false"/>
		   	
		    
		        <input class="button process"  type="submit" name="Add" value="Add" />
			


		</form>
	<!-- END AddToTrolley.jsp -->
        <div class="numberInTrolley hidden numberInTrolley_124102" id="numberInTrolley_124102">
            
        </div>
    
                                        </div>

                                        <!-- BEGIN CatalogEntryRatingsReviewsInfo.jspf --><!-- productAllowedRatingsAndReviews: true -->
    <div class="reviews">
        
	        <a class="numberOfReviews repressive" href="http://reviews.sainsburys.co.uk//8076-en_gb/7555515-P/writereview.htm?submissionurl=https%3A%2F%2Fwww.sainsburys.co.uk%2Fwebapp%2Fwcs%2Fstores%2Fservlet%2FBVReviewSubmitDisplay%3FcatalogId%3D10123%26storeId%3D10151%26recipe%3D%26langId%3D44%26productId%3D7555515-P&return=https%3A%2F%2Fwww.sainsburys.co.uk%2Fwebapp%2Fwcs%2Fstores%2Fservlet%2Fhttp%3A%2F%2Fwww.sainsburys.co.uk%2Fshop%2FCategoryDisplay%3FpageSize%3D36%26catalogId%3D10123%26level%3D2%26top_category%3D12518%26parent_category_rn%3D12518%26langId%3D44%26categoryId%3D12563%26beginIndex%3D0%26storeId%3D10151" >
	    Write a review
          	</a>
        
    </div>
<!-- END CatalogEntryRatingsReviewsInfo.jspf -->
                                   </div>
                               <!-- Start AddToSubscriptionList.jspf --><!-- Start AddToSubscriptionList.jsp --><!-- End AddToSubscriptionList.jsp --><!-- End AddToSubscriptionList.jspf -->     
                    </div>
                            
                    
    
    <div class="badges">
        <ul>
            
                    
                    
                    
                     <li  class="lastchild" >

                        
                            <a href="/shop/gb/groceries/get-ideas/delivery-and-guides/freshness" >
                                         
                        <img src="/wcsstore7.28.113/SainsburysStorefrontAssetStore/wcassets/icons/typical_life/typical_life_2days.jpg" alt="Typical life 2 days" />
                            
                        
                            </a>    
                        
                    </li>
                
        </ul>   
    </div>

                </div>     
            </div>
            <!--ThumbnailRestriction --><!-- END CatalogEntryThumbnailDisplay.jsp -->
	                            </li>
                                <!-- BEGIN MerchandisingAssociationsDisplay.jsp --><!-- Start - JSP File Name:  MerchandisingAssociationsDisplay.jsp --><!-- END MerchandisingAssociationsDisplay.jsp -->
                                
	                            <li class="gridItem">
		                                   <!-- BEGIN CatalogEntryThumbnailDisplay.jsp -->
            <div class="product "
                >
                
                     
                <div class="productInfo">
                    <div class="productNameAndPromotions">
                        
                                  <h3>
                                    <a href="https://www.sainsburys.co.uk/shop/gb/groceries/berries-cherries-currants/sainsburys-mixed-berry-twin-pack-200g-7696255-p-44" >
                                        Sainsbury's Mixed Berry Twin Pack 200g
                                        <img src="//www.sainsburys.co.uk/wcsstore7.28.113/ExtendedSitesCatalogAssetStore/images/catalog/productImages/35/0000000164535/0000000164535_L.jpeg" alt="" />
                                    </a>
                                </h3>
                              
                    </div> 
                </div>
                
                <div class="errorBanner hidden" id="error643019"></div>
                <div class="addToTrolleytabBox">   
                    <!--addToTrolleytabBox GRID VIEW --><!-- Start UserSubscribedOrNot.jspf --><!-- Start UserSubscribedOrNot.jsp --><!-- 
			If the user is not logged in, render this opening 
			DIV adding an addtional class to fix the border top which is removed 
			and replaced by the tabs
		-->
		<div class="addToTrolleytabContainer addItemBorderTop">
	<!-- End AddToSubscriptionList.jsp --><!-- End AddSubscriptionList.jspf --><!-- 
                    ATTENTION!!!
                    <div class="addToTrolleytabContainer">
                    This opening div is inside "../../ReusableObjects/UserSubscribedOrNot.jsp"
                    -->
                    <div class="pricingAndTrolleyOptions">
                        
                                    <div class="priceTab priceTabContainer activeContainer addItem" id="addItem_643019">
                                       <div class="pricing">
                                           
	<p class="pricePerUnit">
    Â£3.00<abbr title="per">/</abbr><abbr title="unit"><span class="pricePerUnitUnit">unit</span></abbr>
</p>
 
    <p class="pricePerMeasure">Â£15.00<abbr 
            title="per">/</abbr><abbr 
            title="kilogram"><span class="pricePerMeasureMeasure">kg</span></abbr>
    </p>

                                       </div>                                      

                                     
                                        <div class="addToTrolleyForm "> 
                                           <!-- BEGIN AddToTrolley.jsp --><!-- fire an on add to bag here from  -->
		
		<form class="addToTrolleyForm" name="OrderItemAddForm_643019" action="OrderItemAdd" method="post" id="OrderItemAddForm_643019" class="addToTrolleyForm">
		    <input type="hidden" name="storeId" value="10151"/>
		    <input type="hidden" name="langId" value="44"/>
		    <input type="hidden" name="catalogId" value="10123"/>
		    
		    
		    <input type="hidden" name="errorViewName" value="CategoryDisplayView"/>
		    <input type="hidden" name="SKU_ID" value="7696255"/>
		    <input type="hidden" name="itemType" value=""/>
		    
		    
	           <input type="hidden" name="ItemSKU_ID" value="7696255"/>
	        
		        <label class="access" for="quantity_643018">Quantity</label>
		        
					<input name="quantity"  id="quantity_643018" type="text" size="3" value="1" class="quantity"   />
				
                    <input type="hidden" name="catEntryId" value="643019"/>
                

		        <input type="hidden" name="productId" value="643018"/>
		        
		
		    <input type="hidden" name="URL" value="https://www.sainsburys.co.uk/webapp/wcs/stores/servlet/CategoryDisplay?langId=44&amp;storeId=10151&amp;krypto=g0CCAERPx%2F40Cyggn3OluE6MDI85EkhssBFXr0H5TvLHlYey%2FjE6O0xJvgrn1iFFzLWWyi3x9Y8uSRKA13TBrMPyZIYLu1HBVqbFxTiDOmV8REkE4FwDCuqrtw9UBXU6VDi7n%2BXgi7Fi3XInrCL7VIMzj89xR3e2R57ixZwIArQ%3D&amp;ddkey=https%3Agb%2Fgroceries%2Ffruit-veg%2Fberries-cherries-currants"/>
		    <input type="hidden" name="page" value=""/>
		    <input type="hidden" name="contractId" value=""/>
		    <input type="hidden" name="calculateOrder" value="1"/>
		    <input type="hidden" name="calculationUsage" value="-1,-2,-3"/>
		    <input type="hidden" name="updateable" value="1"/>
		    <input type="hidden" name="merge" value="***"/>
		     
		   	<input type="hidden" name="callAjax" value="false"/>
		   	
		    
		        <input class="button process"  type="submit" name="Add" value="Add" />
			


		</form>
	<!-- END AddToTrolley.jsp -->
        <div class="numberInTrolley hidden numberInTrolley_643018" id="numberInTrolley_643018">
            
        </div>
    
                                        </div>

                                        <!-- BEGIN CatalogEntryRatingsReviewsInfo.jspf --><!-- productAllowedRatingsAndReviews: true -->
    <div class="reviews">
        
	        <a class="numberOfReviews repressive" href="http://reviews.sainsburys.co.uk//8076-en_gb/7696255-P/writereview.htm?submissionurl=https%3A%2F%2Fwww.sainsburys.co.uk%2Fwebapp%2Fwcs%2Fstores%2Fservlet%2FBVReviewSubmitDisplay%3FcatalogId%3D10123%26storeId%3D10151%26recipe%3D%26langId%3D44%26productId%3D7696255-P&return=https%3A%2F%2Fwww.sainsburys.co.uk%2Fwebapp%2Fwcs%2Fstores%2Fservlet%2Fhttp%3A%2F%2Fwww.sainsburys.co.uk%2Fshop%2FCategoryDisplay%3FpageSize%3D36%26catalogId%3D10123%26level%3D2%26top_category%3D12518%26parent_category_rn%3D12518%26langId%3D44%26categoryId%3D12563%26beginIndex%3D0%26storeId%3D10151" >
	    Write a review
          	</a>
        
    </div>
<!-- END CatalogEntryRatingsReviewsInfo.jspf -->
                                   </div>
                               <!-- Start AddToSubscriptionList.jspf --><!-- Start AddToSubscriptionList.jsp --><!-- End AddToSubscriptionList.jsp --><!-- End AddToSubscriptionList.jspf -->     
                    </div>
                            
                    
                </div>     
            </div>
            <!--ThumbnailRestriction --><!-- END CatalogEntryThumbnailDisplay.jsp -->
	                            </li>
                                <!-- BEGIN MerchandisingAssociationsDisplay.jsp --><!-- Start - JSP File Name:  MerchandisingAssociationsDisplay.jsp --><!-- END MerchandisingAssociationsDisplay.jsp -->
                                
	                            <li class="gridItem">
		                                   <!-- BEGIN CatalogEntryThumbnailDisplay.jsp -->
            <div class="product "
                >
                
                     
                <div class="productInfo">
                    <div class="productNameAndPromotions">
                        
                                  <h3>
                                    <a href="https://www.sainsburys.co.uk/shop/gb/groceries/berries-cherries-currants/sainsburys-redcurrants-150g" >
                                        Sainsbury's Redcurrants 150g
                                        <img src="//www.sainsburys.co.uk/wcsstore7.28.113/ExtendedSitesCatalogAssetStore/images/catalog/productImages/01/0000001836301/0000001836301_L.jpeg" alt="" />
                                    </a>
                                </h3>
                              
                    </div> 
                </div>
                
                <div class="errorBanner hidden" id="error124337"></div>
                <div class="addToTrolleytabBox">   
                    <!--addToTrolleytabBox GRID VIEW --><!-- Start UserSubscribedOrNot.jspf --><!-- Start UserSubscribedOrNot.jsp --><!-- 
			If the user is not logged in, render this opening 
			DIV adding an addtional class to fix the border top which is removed 
			and replaced by the tabs
		-->
		<div class="addToTrolleytabContainer addItemBorderTop">
	<!-- End AddToSubscriptionList.jsp --><!-- End AddSubscriptionList.jspf --><!-- 
                    ATTENTION!!!
                    <div class="addToTrolleytabContainer">
                    This opening div is inside "../../ReusableObjects/UserSubscribedOrNot.jsp"
                    -->
                    <div class="pricingAndTrolleyOptions">
                        
                                    <div class="priceTab priceTabContainer activeContainer addItem" id="addItem_124337">
                                       <div class="pricing">
                                           
	<p class="pricePerUnit">
    Â£2.50<abbr title="per">/</abbr><abbr title="unit"><span class="pricePerUnitUnit">unit</span></abbr>
</p>
 
    <p class="pricePerMeasure">Â£16.67<abbr 
            title="per">/</abbr><abbr 
            title="kilogram"><span class="pricePerMeasureMeasure">kg</span></abbr>
    </p>

                                       </div>                                      

                                     
                                        <div class="addToTrolleyForm "> 
                                           <!-- BEGIN AddToTrolley.jsp --><!-- fire an on add to bag here from  -->
		
		<form class="addToTrolleyForm" name="OrderItemAddForm_124337" action="OrderItemAdd" method="post" id="OrderItemAddForm_124337" class="addToTrolleyForm">
		    <input type="hidden" name="storeId" value="10151"/>
		    <input type="hidden" name="langId" value="44"/>
		    <input type="hidden" name="catalogId" value="10123"/>
		    
		    
		    <input type="hidden" name="errorViewName" value="CategoryDisplayView"/>
		    <input type="hidden" name="SKU_ID" value="7557471"/>
		    <input type="hidden" name="itemType" value=""/>
		    
		    
	           <input type="hidden" name="ItemSKU_ID" value="7557471"/>
	        
		        <label class="access" for="quantity_124336">Quantity</label>
		        
					<input name="quantity"  id="quantity_124336" type="text" size="3" value="1" class="quantity"   />
				
                    <input type="hidden" name="catEntryId" value="124337"/>
                

		        <input type="hidden" name="productId" value="124336"/>
		        
		
		    <input type="hidden" name="URL" value="https://www.sainsburys.co.uk/webapp/wcs/stores/servlet/CategoryDisplay?langId=44&amp;storeId=10151&amp;krypto=g0CCAERPx%2F40Cyggn3OluE6MDI85EkhssBFXr0H5TvLHlYey%2FjE6O0xJvgrn1iFFzLWWyi3x9Y8uSRKA13TBrMPyZIYLu1HBVqbFxTiDOmV8REkE4FwDCuqrtw9UBXU6VDi7n%2BXgi7Fi3XInrCL7VIMzj89xR3e2R57ixZwIArQ%3D&amp;ddkey=https%3Agb%2Fgroceries%2Ffruit-veg%2Fberries-cherries-currants"/>
		    <input type="hidden" name="page" value=""/>
		    <input type="hidden" name="contractId" value=""/>
		    <input type="hidden" name="calculateOrder" value="1"/>
		    <input type="hidden" name="calculationUsage" value="-1,-2,-3"/>
		    <input type="hidden" name="updateable" value="1"/>
		    <input type="hidden" name="merge" value="***"/>
		     
		   	<input type="hidden" name="callAjax" value="false"/>
		   	
		    
		        <input class="button process"  type="submit" name="Add" value="Add" />
			


		</form>
	<!-- END AddToTrolley.jsp -->
        <div class="numberInTrolley hidden numberInTrolley_124336" id="numberInTrolley_124336">
            
        </div>
    
                                        </div>

                                        <!-- BEGIN CatalogEntryRatingsReviewsInfo.jspf --><!-- productAllowedRatingsAndReviews: true -->
    <div class="reviews">
        
	        <a class="numberOfReviews repressive" href="http://reviews.sainsburys.co.uk//8076-en_gb/7557471-P/writereview.htm?submissionurl=https%3A%2F%2Fwww.sainsburys.co.uk%2Fwebapp%2Fwcs%2Fstores%2Fservlet%2FBVReviewSubmitDisplay%3FcatalogId%3D10123%26storeId%3D10151%26recipe%3D%26langId%3D44%26productId%3D7557471-P&return=https%3A%2F%2Fwww.sainsburys.co.uk%2Fwebapp%2Fwcs%2Fstores%2Fservlet%2Fhttp%3A%2F%2Fwww.sainsburys.co.uk%2Fshop%2FCategoryDisplay%3FpageSize%3D36%26catalogId%3D10123%26level%3D2%26top_category%3D12518%26parent_category_rn%3D12518%26langId%3D44%26categoryId%3D12563%26beginIndex%3D0%26storeId%3D10151" >
	    Write a review
          	</a>
        
    </div>
<!-- END CatalogEntryRatingsReviewsInfo.jspf -->
                                   </div>
                               <!-- Start AddToSubscriptionList.jspf --><!-- Start AddToSubscriptionList.jsp --><!-- End AddToSubscriptionList.jsp --><!-- End AddToSubscriptionList.jspf -->     
                    </div>
                            
                    
    
    <div class="badges">
        <ul>
            
                    
                    
                    
                     <li  class="lastchild" >

                        
                            <a href="/shop/gb/groceries/get-ideas/delivery-and-guides/freshness" >
                                         
                        <img src="/wcsstore7.28.113/SainsburysStorefrontAssetStore/wcassets/icons/typical_life/typical_life_2days.jpg" alt="Typical life 2 days" />
                            
                        
                            </a>    
                        
                    </li>
                
        </ul>   
    </div>

                </div>     
            </div>
            <!--ThumbnailRestriction --><!-- END CatalogEntryThumbnailDisplay.jsp -->
	                            </li>
                                <!-- BEGIN MerchandisingAssociationsDisplay.jsp --><!-- Start - JSP File Name:  MerchandisingAssociationsDisplay.jsp --><!-- END MerchandisingAssociationsDisplay.jsp -->
                                
	                            <li class="gridItem">
		                                   <!-- BEGIN CatalogEntryThumbnailDisplay.jsp -->
            <div class="product "
                >
                
                     
                <div class="productInfo">
                    <div class="productNameAndPromotions">
                        
                                  <h3>
                                    <a href="https://www.sainsburys.co.uk/shop/ProductDisplay?storeId=10151&productId=1217874&urlRequestType=Base&categoryId=12563&catalogId=10123&langId=44" >
                                        Sainsbury's Extra Large Blueberries 200g
                                        <img src="//www.sainsburys.co.uk/wcsstore7.28.113/SainsburysStorefrontAssetStore/img/thumb-no-image-140.png" alt="" />
                                    </a>
                                </h3>
                              
                    </div> 
                </div>
                
                <div class="errorBanner hidden" id="error1217875"></div>
                <div class="addToTrolleytabBox">   
                    <!--addToTrolleytabBox GRID VIEW --><!-- Start UserSubscribedOrNot.jspf --><!-- Start UserSubscribedOrNot.jsp --><!-- 
			If the user is not logged in, render this opening 
			DIV adding an addtional class to fix the border top which is removed 
			and replaced by the tabs
		-->
		<div class="addToTrolleytabContainer addItemBorderTop">
	<!-- End AddToSubscriptionList.jsp --><!-- End AddSubscriptionList.jspf --><!-- 
                    ATTENTION!!!
                    <div class="addToTrolleytabContainer">
                    This opening div is inside "../../ReusableObjects/UserSubscribedOrNot.jsp"
                    -->
                    <div class="pricingAndTrolleyOptions">
                        
                                    <div class="priceTab priceTabContainer activeContainer addItem" id="addItem_1217875">
                                       <div class="pricing">
                                           
	<p class="pricePerUnit">
    Â£2.50<abbr title="per">/</abbr><abbr title="unit"><span class="pricePerUnitUnit">unit</span></abbr>
</p>
 
    <p class="pricePerMeasure">Â£12.50<abbr 
            title="per">/</abbr><abbr 
            title="kilogram"><span class="pricePerMeasureMeasure">kg</span></abbr>
    </p>

                                       </div>                                      

                                     
                                        <div class="addToTrolleyForm "> 
                                           <!-- BEGIN AddToTrolley.jsp --><!-- fire an on add to bag here from  -->
		
		<form class="addToTrolleyForm" name="OrderItemAddForm_1217875" action="OrderItemAdd" method="post" id="OrderItemAddForm_1217875" class="addToTrolleyForm">
		    <input type="hidden" name="storeId" value="10151"/>
		    <input type="hidden" name="langId" value="44"/>
		    <input type="hidden" name="catalogId" value="10123"/>
		    
		    
		    <input type="hidden" name="errorViewName" value="CategoryDisplayView"/>
		    <input type="hidden" name="SKU_ID" value="7915696"/>
		    <input type="hidden" name="itemType" value=""/>
		    
		    
	           <input type="hidden" name="ItemSKU_ID" value="7915696"/>
	        
		        <label class="access" for="quantity_1217874">Quantity</label>
		        
					<input name="quantity"  id="quantity_1217874" type="text" size="3" value="1" class="quantity"   />
				
                    <input type="hidden" name="catEntryId" value="1217875"/>
                

		        <input type="hidden" name="productId" value="1217874"/>
		        
		
		    <input type="hidden" name="URL" value="https://www.sainsburys.co.uk/webapp/wcs/stores/servlet/CategoryDisplay?langId=44&amp;storeId=10151&amp;krypto=g0CCAERPx%2F40Cyggn3OluE6MDI85EkhssBFXr0H5TvLHlYey%2FjE6O0xJvgrn1iFFzLWWyi3x9Y8uSRKA13TBrMPyZIYLu1HBVqbFxTiDOmV8REkE4FwDCuqrtw9UBXU6VDi7n%2BXgi7Fi3XInrCL7VIMzj89xR3e2R57ixZwIArQ%3D&amp;ddkey=https%3Agb%2Fgroceries%2Ffruit-veg%2Fberries-cherries-currants"/>
		    <input type="hidden" name="page" value=""/>
		    <input type="hidden" name="contractId" value=""/>
		    <input type="hidden" name="calculateOrder" value="1"/>
		    <input type="hidden" name="calculationUsage" value="-1,-2,-3"/>
		    <input type="hidden" name="updateable" value="1"/>
		    <input type="hidden" name="merge" value="***"/>
		     
		   	<input type="hidden" name="callAjax" value="false"/>
		   	
		    
		        <input class="button process"  type="submit" name="Add" value="Add" />
			


		</form>
	<!-- END AddToTrolley.jsp -->
        <div class="numberInTrolley hidden numberInTrolley_1217874" id="numberInTrolley_1217874">
            
        </div>
    
                                        </div>

                                        <!-- BEGIN CatalogEntryRatingsReviewsInfo.jspf --><!-- productAllowedRatingsAndReviews: true -->
    <div class="reviews">
        
	        <a class="numberOfReviews repressive" href="http://reviews.sainsburys.co.uk//8076-en_gb/7915696-P/writereview.htm?submissionurl=https%3A%2F%2Fwww.sainsburys.co.uk%2Fwebapp%2Fwcs%2Fstores%2Fservlet%2FBVReviewSubmitDisplay%3FcatalogId%3D10123%26storeId%3D10151%26recipe%3D%26langId%3D44%26productId%3D7915696-P&return=https%3A%2F%2Fwww.sainsburys.co.uk%2Fwebapp%2Fwcs%2Fstores%2Fservlet%2Fhttp%3A%2F%2Fwww.sainsburys.co.uk%2Fshop%2FCategoryDisplay%3FpageSize%3D36%26catalogId%3D10123%26level%3D2%26top_category%3D12518%26parent_category_rn%3D12518%26langId%3D44%26categoryId%3D12563%26beginIndex%3D0%26storeId%3D10151" >
	    Write a review
          	</a>
        
    </div>
<!-- END CatalogEntryRatingsReviewsInfo.jspf -->
                                   </div>
                               <!-- Start AddToSubscriptionList.jspf --><!-- Start AddToSubscriptionList.jsp --><!-- End AddToSubscriptionList.jsp --><!-- End AddToSubscriptionList.jspf -->     
                    </div>
                            
                    
    
    <div class="badges">
        <ul>
            
                    
                    
                    
                     <li  class="lastchild" >

                                         
                        <img src="/wcsstore7.28.113/SainsburysStorefrontAssetStore/wcassets/icons/new_40x40.gif" alt="New" />
                            
                        
                    </li>
                
        </ul>   
    </div>

                </div>     
            </div>
            <!--ThumbnailRestriction --><!-- END CatalogEntryThumbnailDisplay.jsp -->
	                            </li>
                                <!-- BEGIN MerchandisingAssociationsDisplay.jsp --><!-- Start - JSP File Name:  MerchandisingAssociationsDisplay.jsp --><!-- END MerchandisingAssociationsDisplay.jsp -->
                                
	                            <li class="gridItem">
		                                   <!-- BEGIN CatalogEntryThumbnailDisplay.jsp -->
            <div class="product "
                >
                
                     
                <div class="productInfo">
                    <div class="productNameAndPromotions">
                        
                                  <h3>
                                    <a href="https://www.sainsburys.co.uk/shop/ProductDisplay?storeId=10151&productId=1214786&urlRequestType=Base&categoryId=12563&catalogId=10123&langId=44" >
                                        Sainsbury's Cherries 500g
                                        <img src="//www.sainsburys.co.uk/wcsstore7.28.113/ExtendedSitesCatalogAssetStore/images/catalog/productImages/02/0000001507102/0000001507102_L.jpeg" alt="" />
                                    </a>
                                </h3>
                              
                    </div> 
                </div>
                
                <div class="errorBanner hidden" id="error1214787"></div>
                <div class="addToTrolleytabBox">   
                    <!--addToTrolleytabBox GRID VIEW --><!-- Start UserSubscribedOrNot.jspf --><!-- Start UserSubscribedOrNot.jsp --><!-- 
			If the user is not logged in, render this opening 
			DIV adding an addtional class to fix the border top which is removed 
			and replaced by the tabs
		-->
		<div class="addToTrolleytabContainer addItemBorderTop">
	<!-- End AddToSubscriptionList.jsp --><!-- End AddSubscriptionList.jspf --><!-- 
                    ATTENTION!!!
                    <div class="addToTrolleytabContainer">
                    This opening div is inside "../../ReusableObjects/UserSubscribedOrNot.jsp"
                    -->
                    <div class="pricingAndTrolleyOptions">
                        
                                    <div class="priceTab priceTabContainer activeContainer addItem" id="addItem_1214787">
                                       <div class="pricing">
                                           
	<p class="pricePerUnit">
    Â£3.00<abbr title="per">/</abbr><abbr title="unit"><span class="pricePerUnitUnit">unit</span></abbr>
</p>
 
    <p class="pricePerMeasure">Â£6.00<abbr 
            title="per">/</abbr><abbr 
            title="kilogram"><span class="pricePerMeasureMeasure">kg</span></abbr>
    </p>

                                       </div>                                      

                                     
                                        <div class="addToTrolleyForm "> 
                                           <!-- BEGIN AddToTrolley.jsp --><!-- fire an on add to bag here from  -->
		
		<form class="addToTrolleyForm" name="OrderItemAddForm_1214787" action="OrderItemAdd" method="post" id="OrderItemAddForm_1214787" class="addToTrolleyForm">
		    <input type="hidden" name="storeId" value="10151"/>
		    <input type="hidden" name="langId" value="44"/>
		    <input type="hidden" name="catalogId" value="10123"/>
		    
		    
		    <input type="hidden" name="errorViewName" value="CategoryDisplayView"/>
		    <input type="hidden" name="SKU_ID" value="7913636"/>
		    <input type="hidden" name="itemType" value=""/>
		    
		    
	           <input type="hidden" name="ItemSKU_ID" value="7913636"/>
	        
		        <label class="access" for="quantity_1214786">Quantity</label>
		        
					<input name="quantity"  id="quantity_1214786" type="text" size="3" value="1" class="quantity"   />
				
                    <input type="hidden" name="catEntryId" value="1214787"/>
                

		        <input type="hidden" name="productId" value="1214786"/>
		        
		
		    <input type="hidden" name="URL" value="https://www.sainsburys.co.uk/webapp/wcs/stores/servlet/CategoryDisplay?langId=44&amp;storeId=10151&amp;krypto=g0CCAERPx%2F40Cyggn3OluE6MDI85EkhssBFXr0H5TvLHlYey%2FjE6O0xJvgrn1iFFzLWWyi3x9Y8uSRKA13TBrMPyZIYLu1HBVqbFxTiDOmV8REkE4FwDCuqrtw9UBXU6VDi7n%2BXgi7Fi3XInrCL7VIMzj89xR3e2R57ixZwIArQ%3D&amp;ddkey=https%3Agb%2Fgroceries%2Ffruit-veg%2Fberries-cherries-currants"/>
		    <input type="hidden" name="page" value=""/>
		    <input type="hidden" name="contractId" value=""/>
		    <input type="hidden" name="calculateOrder" value="1"/>
		    <input type="hidden" name="calculationUsage" value="-1,-2,-3"/>
		    <input type="hidden" name="updateable" value="1"/>
		    <input type="hidden" name="merge" value="***"/>
		     
		   	<input type="hidden" name="callAjax" value="false"/>
		   	
		    
		        <input class="button process"  type="submit" name="Add" value="Add" />
			


		</form>
	<!-- END AddToTrolley.jsp -->
        <div class="numberInTrolley hidden numberInTrolley_1214786" id="numberInTrolley_1214786">
            
        </div>
    
                                        </div>

                                        <!-- BEGIN CatalogEntryRatingsReviewsInfo.jspf --><!-- productAllowedRatingsAndReviews: true -->
    <div class="reviews">
        
	        <a class="numberOfReviews repressive" href="http://reviews.sainsburys.co.uk//8076-en_gb/7913636-P/writereview.htm?submissionurl=https%3A%2F%2Fwww.sainsburys.co.uk%2Fwebapp%2Fwcs%2Fstores%2Fservlet%2FBVReviewSubmitDisplay%3FcatalogId%3D10123%26storeId%3D10151%26recipe%3D%26langId%3D44%26productId%3D7913636-P&return=https%3A%2F%2Fwww.sainsburys.co.uk%2Fwebapp%2Fwcs%2Fstores%2Fservlet%2Fhttp%3A%2F%2Fwww.sainsburys.co.uk%2Fshop%2FCategoryDisplay%3FpageSize%3D36%26catalogId%3D10123%26level%3D2%26top_category%3D12518%26parent_category_rn%3D12518%26langId%3D44%26categoryId%3D12563%26beginIndex%3D0%26storeId%3D10151" >
	    Write a review
          	</a>
        
    </div>
<!-- END CatalogEntryRatingsReviewsInfo.jspf -->
                                   </div>
                               <!-- Start AddToSubscriptionList.jspf --><!-- Start AddToSubscriptionList.jsp --><!-- End AddToSubscriptionList.jsp --><!-- End AddToSubscriptionList.jspf -->     
                    </div>
                            
                    
    
    <div class="badges">
        <ul>
            
                    
                    
                    
                     <li  class="lastchild" >

                                         
                        <img src="/wcsstore7.28.113/SainsburysStorefrontAssetStore/wcassets/icons/new_40x40.gif" alt="New" />
                            
                        
                    </li>
                
        </ul>   
    </div>

                </div>     
            </div>
            <!--ThumbnailRestriction --><!-- END CatalogEntryThumbnailDisplay.jsp -->
	                            </li>
                                <!-- BEGIN MerchandisingAssociationsDisplay.jsp --><!-- Start - JSP File Name:  MerchandisingAssociationsDisplay.jsp --><!-- END MerchandisingAssociationsDisplay.jsp -->
                                
	                            <li class="gridItem">
		                                   <!-- BEGIN CatalogEntryThumbnailDisplay.jsp -->
            <div class="product "
                >
                
                     
                <div class="productInfo">
                    <div class="productNameAndPromotions">
                        
                                  <h3>
                                    <a href="https://www.sainsburys.co.uk/shop/gb/groceries/berries-cherries-currants/sainsburys-british-cherry---strawberry-pack-600g" >
                                        Sainsbury's British Cherry & Strawberry Pack 600g
                                        <img src="//www.sainsburys.co.uk/wcsstore7.28.113/ExtendedSitesCatalogAssetStore/images/catalog/productImages/57/0000000289757/0000000289757_L.jpeg" alt="" />
                                    </a>
                                </h3>
                              
                    </div> 
                </div>
                
                <div class="errorBanner hidden" id="error1147433"></div>
                <div class="addToTrolleytabBox">   
                    <!--addToTrolleytabBox GRID VIEW --><!-- Start UserSubscribedOrNot.jspf --><!-- Start UserSubscribedOrNot.jsp --><!-- 
			If the user is not logged in, render this opening 
			DIV adding an addtional class to fix the border top which is removed 
			and replaced by the tabs
		-->
		<div class="addToTrolleytabContainer addItemBorderTop">
	<!-- End AddToSubscriptionList.jsp --><!-- End AddSubscriptionList.jspf --><!-- 
                    ATTENTION!!!
                    <div class="addToTrolleytabContainer">
                    This opening div is inside "../../ReusableObjects/UserSubscribedOrNot.jsp"
                    -->
                    <div class="pricingAndTrolleyOptions">
                        
                                    <div class="priceTab priceTabContainer activeContainer addItem" id="addItem_1147433">
                                       <div class="pricing">
                                           
	<p class="pricePerUnit">
    Â£4.00<abbr title="per">/</abbr><abbr title="unit"><span class="pricePerUnitUnit">unit</span></abbr>
</p>
 
    <p class="pricePerMeasure">Â£6.67<abbr 
            title="per">/</abbr><abbr 
            title="kilogram"><span class="pricePerMeasureMeasure">kg</span></abbr>
    </p>

                                       </div>                                      

                                     
                                        <div class="addToTrolleyForm "> 
                                           <!-- BEGIN AddToTrolley.jsp --><!-- fire an on add to bag here from  -->
		
		<form class="addToTrolleyForm" name="OrderItemAddForm_1147433" action="OrderItemAdd" method="post" id="OrderItemAddForm_1147433" class="addToTrolleyForm">
		    <input type="hidden" name="storeId" value="10151"/>
		    <input type="hidden" name="langId" value="44"/>
		    <input type="hidden" name="catalogId" value="10123"/>
		    
		    
		    <input type="hidden" name="errorViewName" value="CategoryDisplayView"/>
		    <input type="hidden" name="SKU_ID" value="7867588"/>
		    <input type="hidden" name="itemType" value=""/>
		    
		    
	           <input type="hidden" name="ItemSKU_ID" value="7867588"/>
	        
		        <label class="access" for="quantity_1147432">Quantity</label>
		        
					<input name="quantity"  id="quantity_1147432" type="text" size="3" value="1" class="quantity"   />
				
                    <input type="hidden" name="catEntryId" value="1147433"/>
                

		        <input type="hidden" name="productId" value="1147432"/>
		        
		
		    <input type="hidden" name="URL" value="https://www.sainsburys.co.uk/webapp/wcs/stores/servlet/CategoryDisplay?langId=44&amp;storeId=10151&amp;krypto=g0CCAERPx%2F40Cyggn3OluE6MDI85EkhssBFXr0H5TvLHlYey%2FjE6O0xJvgrn1iFFzLWWyi3x9Y8uSRKA13TBrMPyZIYLu1HBVqbFxTiDOmV8REkE4FwDCuqrtw9UBXU6VDi7n%2BXgi7Fi3XInrCL7VIMzj89xR3e2R57ixZwIArQ%3D&amp;ddkey=https%3Agb%2Fgroceries%2Ffruit-veg%2Fberries-cherries-currants"/>
		    <input type="hidden" name="page" value=""/>
		    <input type="hidden" name="contractId" value=""/>
		    <input type="hidden" name="calculateOrder" value="1"/>
		    <input type="hidden" name="calculationUsage" value="-1,-2,-3"/>
		    <input type="hidden" name="updateable" value="1"/>
		    <input type="hidden" name="merge" value="***"/>
		     
		   	<input type="hidden" name="callAjax" value="false"/>
		   	
		    
		        <input class="button process"  type="submit" name="Add" value="Add" />
			


		</form>
	<!-- END AddToTrolley.jsp -->
        <div class="numberInTrolley hidden numberInTrolley_1147432" id="numberInTrolley_1147432">
            
        </div>
    
                                        </div>

                                        <!-- BEGIN CatalogEntryRatingsReviewsInfo.jspf --><!-- productAllowedRatingsAndReviews: true -->
    <div class="reviews">
        
	        <a class="numberOfReviews repressive" href="http://reviews.sainsburys.co.uk//8076-en_gb/7867588-P/writereview.htm?submissionurl=https%3A%2F%2Fwww.sainsburys.co.uk%2Fwebapp%2Fwcs%2Fstores%2Fservlet%2FBVReviewSubmitDisplay%3FcatalogId%3D10123%26storeId%3D10151%26recipe%3D%26langId%3D44%26productId%3D7867588-P&return=https%3A%2F%2Fwww.sainsburys.co.uk%2Fwebapp%2Fwcs%2Fstores%2Fservlet%2Fhttp%3A%2F%2Fwww.sainsburys.co.uk%2Fshop%2FCategoryDisplay%3FpageSize%3D36%26catalogId%3D10123%26level%3D2%26top_category%3D12518%26parent_category_rn%3D12518%26langId%3D44%26categoryId%3D12563%26beginIndex%3D0%26storeId%3D10151" >
	    Write a review
          	</a>
        
    </div>
<!-- END CatalogEntryRatingsReviewsInfo.jspf -->
                                   </div>
                               <!-- Start AddToSubscriptionList.jspf --><!-- Start AddToSubscriptionList.jsp --><!-- End AddToSubscriptionList.jsp --><!-- End AddToSubscriptionList.jspf -->     
                    </div>
                            
                    
                </div>     
            </div>
            <!--ThumbnailRestriction --><!-- END CatalogEntryThumbnailDisplay.jsp -->
	                            </li>
                                
	            </ul>
	            

<h2 class="access">Product pagination</h2>
<div class="pagination paginationBottom">

    
    <ul class="pages">
            <li class="previous">
                
                <span class="access">Go to previous page</span>
                
            </li>

        <li class="current"><span class="access">Current page </span><span>1</span></li>
        
            <li class="next">
        
        <span class="access">Go to next page</span>
        
            </li>
    </ul>

</div>

	                  
            </div>
             <!-- BEGIN HookLogicTileListDisplay.jsp -->
<hr>
<div id="hookLogicBottomTiles">
    
		              <h2 class="hookLogicTitle">Sponsored</h2>
		              <ul class="productLister  gridView">
		                  

	               <li class="gridItem   ">  
	                   <!-- BEGIN CatalogEntryThumbnailDisplay.jsp -->
            <div class="product  hl-product hookLogic  highlighted specialOffer"
                onView-beacon=//b.hlserve.com/beacon?fid=425&hl_qs=E278T8VGi12WNXlfObN3JgyVWXxTFSBLrZ5GpETuw%2fzIpYnRxLvmgnlrvO0AgqMg4Zptajk4VgvWbqGjTyWkataXnGXh8UBjqXyJahHYwmmRhk%2fA6xJiAmugJsa77F9g2GnU9W4CJhthnfJp5LSAnfK4OvzjkuUD%2bfFx49dUGgLJ92kGUORBF0Dw%2bKfk3AvyrvoEkzO3mM43wwVBUN%2fd3baTFFaF6RfewBjG3h1VnQFOkCfsaD3q8QbsU3mH4tWTutU8IYAiKzXyMP2DRJT6XAsV7wpmd%2bhjJA0zaK9Eq2uydyqzr6miLb%2b8odfQQKBN43VEufTFrBATK13aNcTBCEslx9bu0y3%2b8z1NK897WkDZ9gshXwANc%2fsgKIK7rXZbDkxOxoLdhe0n7hcCqyRr7d3ZJ26rP47boFaRiaicHcagAsGOyx2aFv2aFR%2b7wTJ9BsIKCzVS3MTK1X5gu%2fD8lcehbdluWmZoGl3NVhzf0ea7gp8rGIe%2f6pobuCBeMlH95oVau%2fTM5LRahnk%2b2w6X2e6sx2NkEeBUaUfjU2vFOqnU63vSKXOGXFIHhcKIi9TSHlNb4VOnJVaaocco68W538X4GIRif5ok1JPHPN4KpmmtlGn5PE0dsk9n8Onp%2fhJJjrsMYJT4l6q%2bm7u5x%2fAwX3feDM7kZsYfxX3GeU%2fchO3yu55HQQ2N3WcWfZh3vHph%2b%2fG5kuL0xGjMQ%2f9rR%2fkra0bTgTja3G7SjW2e7hzr%2fwG0C3LXhZNySmCUGwwaHIvu0EyXhqAjAAZKlEF0buKDmK6jEVgqeokEaXP1Tx%2fFYae70qfeOF7yr6xol22KmmhjjPLci6C7biRaktmwRMLfaQZlGi08nXwyUOcs6lqTm4BmtsnLX3S5OYeYahPwJ3fM2a64WWnJFlQCQJaJ25FBTm98mpkl0HuSS3U8vGFhDGKFQYwNcQ7dWJU1arC3J0R8si6s0oTbngsC4UNk5QYaTW0O%2f8uODP%2fNpqsgycDvGT5gLOpfJohNO0YzXT67uhr9SY2ppCSqCpufM4NnTQiID19dOA5%2bSb2kYhCRNWrY9RcIRJIlR6XogilvB83mIj3xHRJsKyAY4Py6%2b%2b2u%2fMWYEDGkKirLtEerHUdfa%2bO4t1jOyFHRmsWYq4iC4vS7YyF0dkKXt403ro7kMdDkiB1eKcqB29pKNbguOMJHl5mdGUvzNUzQ1iWt5zjaW1RMOxxpNbDidUCWOPxD9tMbcvQOwMFkH6XX2gONjRcknxSrGCacxiiH7po6gJqi5unJNokHbTzdo9rAfhItVaV10914bg%3d%3d&ev=1&action=imp&pageguid=b63b79d3-5d20-4edf-b3fd-ab88fce8e4ad&pid=3df258b0-5820-4ba5-9e65-2a0c8a4f88bb&rn=483949279&hmguid=04872f71-a880-4bc7-a4c7-89bcfeb6e593"
                >
                
                
<wcbase:useBean id="sdb" classname="com.ibm.commerce.common.beans.StoreDataBean" scope="request" />
     
                <div class="productInfo">
                    <div class="productNameAndPromotions">
                        
                                  <h3>
                                    <a href="//cat.hlserve.com/beacon?fid=425&hl_qs=E278T8VGi12WNXlfObN3JgyVWXxTFSBLrZ5GpETuw%2fzIpYnRxLvmgnlrvO0AgqMg4Zptajk4VgvWbqGjTyWkataXnGXh8UBjqXyJahHYwmmRhk%2fA6xJiAmugJsa77F9g2GnU9W4CJhthnfJp5LSAnfK4OvzjkuUD%2bfFx49dUGgLJ92kGUORBF0Dw%2bKfk3AvyrvoEkzO3mM43wwVBUN%2fd3baTFFaF6RfewBjG3h1VnQH3VUu3IzR0%2bVIWdZLh1ozIG9So2AiUdCc8pr8HY44Av6s7rNub%2blu1i2mumNs%2bxWDX7Wo%2fBI9Ow11LM2rtVmx97omM2MhzkHYG%2fs1fHv2CHSM6CTmv2njrZekiVFoTbm8MFoxz4IADXpl1TyzG89w1JBsdcFKzKF6CYq9eoiWTPsrX1zB3aWsudDGEPPKggVqCs8UIR4zsqXF79VNHWWACQp2VrLCk6RnN5u%2bGwc1ULzA9WjeE2N%2bCZGqqVuLFyWb3mxK%2fcRUxb3nRpODbqnz7HpUE%2bNstlI25EK0bu%2blnbKA4MtuAsYYAnjYENr%2fcYfkbSAOQvOOt3q2m0CCBCi4nXYfBhEqj7Hpl2tkWdfXwccbHvuriLrA%2bQ6%2fU6TQltrSR0%2fiyWDE7F1rfGNrRWbfy1uJoTilbVA496M9rdXzYCU8stXvZBGy%2bgkSBX6TXjbWUB2yWMf3D2PwXEWZGPJc6Dofv5Eamsvn4ermReZ%2bP%2fLM8RcswrIi0enHfo0219E9d5E7FE2JTBM3zEazqefOBkF0wAVnKwu%2fF%2frx3a2sfET%2fTDeACsF%2fzj1AsBFXAFKXOOVF7rLsAAkwg7sVYggrdA6zs8T8udyZ3Bl0rT2radez%2fie%2bLJxnt4n%2bi%2byC9HLnqbj6hcDoc%2fNvfi2k3diUQI%2bX%2fFMc19Pa0Lv0DYbQyBDt70frDq72peClbfZFZXfSchq50LGEl98%2fAcqwZ0y5bSKv%2b3IKFeKCbk0GqAwvKkVESCXpFaHCPzHMaxJvV%2fP0%2b8GhKYHsTXyNEYvFli9N8g5ERqtIhM8G8q8hMiP7lNv3ZvA59FKCfdyN3XRAiQdq0pPLUfnApWz4wKFHhdYs%2bj9RIbJulZ3j32mTbJTaCUPGrgQ2QCL2Sw4xn6SI4SRIl41CCAGZCiNl5Xo%2bj1G6%2fXIpM2P5hwfSla1JkkA%2fmMerjQ6YU41N8%2bCaKxcYagkg68Xq4IeKtsC530xV1X045&ev=1&action=click&impressionpid=3df258b0-5820-4ba5-9e65-2a0c8a4f88bb&rn=191899486&hmguid=04872f71-a880-4bc7-a4c7-89bcfeb6e593&dest=https%3a%2f%2fwww.sainsburys.co.uk%2fshop%2fgb%2fgroceries%2fgarnier-summer-body--light-400ml" >
                                        Garnier Body Summer Body Light Gradual Tan Moisturiser 400ml
                                        <img src="//www.sainsburys.co.uk/wcsstore7.28.113/ExtendedSitesCatalogAssetStore/images/catalog/productImages/48/3600540505248/3600540505248_L.jpeg" alt="" />
                                    </a>
                                </h3>
                              
    <div class="promotion">
                   
		            <p><a href="//cat.hlserve.com/beacon?fid=425&hl_qs=E278T8VGi12WNXlfObN3JgyVWXxTFSBLrZ5GpETuw%2fzIpYnRxLvmgnlrvO0AgqMg4Zptajk4VgvWbqGjTyWkataXnGXh8UBjqXyJahHYwmmRhk%2fA6xJiAmugJsa77F9g2GnU9W4CJhthnfJp5LSAnfK4OvzjkuUD%2bfFx49dUGgLJ92kGUORBF0Dw%2bKfk3AvyrvoEkzO3mM43wwVBUN%2fd3baTFFaF6RfewBjG3h1VnQH3VUu3IzR0%2bVIWdZLh1ozIG9So2AiUdCc8pr8HY44Av6s7rNub%2blu1i2mumNs%2bxWDX7Wo%2fBI9Ow11LM2rtVmx97omM2MhzkHYG%2fs1fHv2CHSM6CTmv2njrZekiVFoTbm8MFoxz4IADXpl1TyzG89w1JBsdcFKzKF6CYq9eoiWTPsrX1zB3aWsudDGEPPKggVqCs8UIR4zsqXF79VNHWWACQp2VrLCk6RnN5u%2bGwc1ULzA9WjeE2N%2bCZGqqVuLFyWb3mxK%2fcRUxb3nRpODbqnz7HpUE%2bNstlI25EK0bu%2blnbKA4MtuAsYYAnjYENr%2fcYfkbSAOQvOOt3q2m0CCBCi4nXYfBhEqj7Hpl2tkWdfXwcTphqmAGb1e4rbVbMmpUxBWPESYstPOYEp%2fO%2bTcVEZ6E34KcrF%2bJ83of9t8dEAM9B%2fV3UF%2bcYXu9xoe8YzU4QwO5wQu5AX8Iypaa6HvqF6WUqPCnjY%2bOJhrbh4YVz%2bPLAbHc3VeJ6C%2froauSrAoR%2fipsGz%2fdyuFE9I0X8wzUIjjZZDJgVq%2fMeMglo%2f0ay9mWhNklEwUIv4mkApzk9wFEpq4yjEbgyjM8qFkPSjRdrx1PXC91tnqSqjqiJRdi%2f%2fosZQeOojTj7YvLlvjkuw6mnfU7C9WDblCr9xV%2f0n6J6fgK3qNZhzs5d%2f21ehiscSCbyggyhXywR4Vjx08T99nU2zQpu3X11D6hDjCvWLgGygstM2k9fbPgkXt3vHA4t6cOOEn%2bDe01XIM4g%2b6EZC1wx13vjY8VzzXoNHQoYENIfpzEAdgN3p0Ullbbedjz3tNWZu%2b34r%2fX%2bzVIhgYcATF5sIO%2fP23r67oBGn4NCn0SvnXRsVkX9Dhts2jnEjm7j2AQ6wISriHf7dRN7ZE4v7Fz5QQzy%2bbCvrIkqQmp2XHCKW06hHF1ZFhrdDfaJtW9vReuxtpppCFd51Iay4Ck%2bPylThZ4%2bClJkU%2bYBCSJhBNjq0qC&ev=1&action=click&impressionpid=3df258b0-5820-4ba5-9e65-2a0c8a4f88bb&rn=1077131137&hmguid=04872f71-a880-4bc7-a4c7-89bcfeb6e593&dest=https%3A%2F%2Fwww.sainsburys.co.uk%2Fshop%2FPromotionDisplayView%3FcatalogId%3D10123%26langId%3D44%26productId%3D856272%26storeId%3D10151%26promotionId%3D10311429"><!-- BEGIN include/PromotionStrapline.jspf -->Only Â£5.00: Save Â£3.00<br/>

<!-- FINISH include/PromotionStrapline.jspf -->
		            </a></p>
		                        
    </div>

                    </div> 
                </div>
                
            <div class="strapline">
                <a href="//cat.hlserve.com/beacon?fid=425&hl_qs=E278T8VGi12WNXlfObN3JgyVWXxTFSBLrZ5GpETuw%2fzIpYnRxLvmgnlrvO0AgqMg4Zptajk4VgvWbqGjTyWkataXnGXh8UBjqXyJahHYwmmRhk%2fA6xJiAmugJsa77F9g2GnU9W4CJhthnfJp5LSAnfK4OvzjkuUD%2bfFx49dUGgLJ92kGUORBF0Dw%2bKfk3AvyrvoEkzO3mM43wwVBUN%2fd3baTFFaF6RfewBjG3h1VnQH3VUu3IzR0%2bVIWdZLh1ozIG9So2AiUdCc8pr8HY44Av6s7rNub%2blu1i2mumNs%2bxWDX7Wo%2fBI9Ow11LM2rtVmx97omM2MhzkHYG%2fs1fHv2CHSM6CTmv2njrZekiVFoTbm8MFoxz4IADXpl1TyzG89w1JBsdcFKzKF6CYq9eoiWTPsrX1zB3aWsudDGEPPKggVqCs8UIR4zsqXF79VNHWWACQp2VrLCk6RnN5u%2bGwc1ULzA9WjeE2N%2bCZGqqVuLFyWb3mxK%2fcRUxb3nRpODbqnz7HpUE%2bNstlI25EK0bu%2blnbKA4MtuAsYYAnjYENr%2fcYfkbSAOQvOOt3q2m0CCBCi4nXYfBhEqj7Hpl2tkWdfXwcTphqmAGb1e4rbVbMmpUxBWPESYstPOYEp%2fO%2bTcVEZ6E34KcrF%2bJ83of9t8dEAM9B%2fV3UF%2bcYXu9xoe8YzU4QwO5wQu5AX8Iypaa6HvqF6WUqPCnjY%2bOJhrbh4YVz%2bPLAbHc3VeJ6C%2froauSrAoR%2fipsGz%2fdyuFE9I0X8wzUIjjZZDJgVq%2fMeMglo%2f0ay9mWhNklEwUIv4mkApzk9wFEpq4yjEbgyjM8qFkPSjRdrx1PXC91tnqSqjqiJRdi%2f%2fosZQeOojTj7YvLlvjkuw6mnfU7C9WDblCr9xV%2f0n6J6fgK3qNZhzs5d%2f21ehiscSCbyggyhXywR4Vjx08T99nU2zQpu3X11D6hDjCvWLgGygstM2k9fbPgkXt3vHA4t6cOOEn%2bDe01XIM4g%2b6EZC1wx13vjY8VzzXoNHQoYENIfpzEAdgN3p0Ullbbedjz3tNWZu%2b34r%2fX%2bzVIhgYcATF5sIO%2fP23r67oBGn4NCn0SvnXRsVkX9Dhts2jnEjm7j2AQ6wISriHf7dRN7ZE4v7Fz5QQzy%2bbCvrIkqQmp2XHCKW06hHF1ZFhrdDfaJtW9vReuxtpppCFd51Iay4Ck%2bPylThZ4%2bClJkU%2bYBCSJhBNjq0qC&ev=1&action=click&impressionpid=3df258b0-5820-4ba5-9e65-2a0c8a4f88bb&rn=1077131137&hmguid=04872f71-a880-4bc7-a4c7-89bcfeb6e593&dest=https%3A%2F%2Fwww.sainsburys.co.uk%2Fshop%2FPromotionDisplayView%3FcatalogId%3D10123%26langId%3D44%26productId%3D856272%26storeId%3D10151%26promotionId%3D10311429"><img src="/wcsstore7.28.113/SainsburysStorefrontAssetStore/wcassets/icons/special/img-special-offer.png" alt="Special Offer" />
                </a>
            </div>
          
                <div class="errorBanner hidden" id="error856273"></div>
                <div class="addToTrolleytabBox">   
                    <!--addToTrolleytabBox GRID VIEW --><!-- Start UserSubscribedOrNot.jspf --><!-- Start UserSubscribedOrNot.jsp --><!-- 
			If the user is not logged in, render this opening 
			DIV adding an addtional class to fix the border top which is removed 
			and replaced by the tabs
		-->
		<div class="addToTrolleytabContainer addItemBorderTop">
	<!-- End AddToSubscriptionList.jsp --><!-- End AddSubscriptionList.jspf --><!-- 
                    ATTENTION!!!
                    <div class="addToTrolleytabContainer">
                    This opening div is inside "../../ReusableObjects/UserSubscribedOrNot.jsp"
                    -->
                    <div class="pricingAndTrolleyOptions">
                        
                                    <div class="priceTab priceTabContainer activeContainer addItem" id="addItem_856273">
                                       <div class="pricing">
                                           
	<p class="pricePerUnit">
    Â£5.00<abbr title="per">/</abbr><abbr title="unit"><span class="pricePerUnitUnit">unit</span></abbr>
</p>
 
    <p class="pricePerMeasure">Â£1.25<abbr 
            title="per">/</abbr>100<abbr 
            title="millilitre"><span class="pricePerMeasureMeasure">ml</span></abbr>
    </p>

                                       </div>                                      

                                     
                                        <div class="addToTrolleyForm "> 
                                           <!-- BEGIN AddToTrolley.jsp --><!-- fire an on add to bag here from true -->
		
		<form class="addToTrolleyForm" name="OrderItemAddForm_856273" action="OrderItemAdd" method="post" id="OrderItemAddForm_856273" class="addToTrolleyForm">
		    <input type="hidden" name="storeId" value="10151"/>
		    <input type="hidden" name="langId" value="44"/>
		    <input type="hidden" name="catalogId" value="10123"/>
		    
		    
                <input type="hidden" name="hookLogicOnClickUrl" value="//cat.hlserve.com/beacon?fid=425&hl_qs=E278T8VGi12WNXlfObN3JgyVWXxTFSBLrZ5GpETuw%2fzIpYnRxLvmgnlrvO0AgqMg4Zptajk4VgvWbqGjTyWkataXnGXh8UBjqXyJahHYwmmRhk%2fA6xJiAmugJsa77F9g2GnU9W4CJhthnfJp5LSAnfK4OvzjkuUD%2bfFx49dUGgLJ92kGUORBF0Dw%2bKfk3AvyrvoEkzO3mM43wwVBUN%2fd3baTFFaF6RfewBjG3h1VnQH3VUu3IzR0%2bVIWdZLh1ozIG9So2AiUdCc8pr8HY44Av6s7rNub%2blu1i2mumNs%2bxWDX7Wo%2fBI9Ow11LM2rtVmx97omM2MhzkHYG%2fs1fHv2CHSM6CTmv2njrZekiVFoTbm8MFoxz4IADXpl1TyzG89w1JBsdcFKzKF6CYq9eoiWTPsrX1zB3aWsudDGEPPKggVqCs8UIR4zsqXF79VNHWWACQp2VrLCk6RnN5u%2bGwc1ULzA9WjeE2N%2bCZGqqVuLFyWb3mxK%2fcRUxb3nRpODbqnz7HpUE%2bNstlI25EK0bu%2blnbKA4MtuAsYYAnjYENr%2fcYfkbSAOQvOOt3q2m0CCBCi4nXYfBhEqj7Hpl2tkWdfXwcTphqmAGb1e4rbVbMmpUxBWPESYstPOYEp%2fO%2bTcVEZ6E34KcrF%2bJ83of9t8dEAM9B%2fV3UF%2bcYXu9xoe8YzU4QwO5wQu5AX8Iypaa6HvqF6WUqPCnjY%2bOJhrbh4YVz%2bPLAbHc3VeJ6C%2froauSrAoR%2fipsGz%2fdyuFE9I0X8wzUIjjZZDJgVq%2fMeMglo%2f0ay9mWhNklEwUIv4mkApzk9wFEpq4yjEbgyjM8qFkPSjRdrx1PXC91tnqSqjqiJRdi%2f%2fosZQeOojTj7YvLlvjkuw6mnfU7C9WDblCr9xV%2f0n6J6fgK3qNZhzs5d%2f21ehiscSCbyggyhXywR4Vjx08T99nU2zQpu3X11D6hDjCvWLgGygstM2k9fbPgkXt3vHA4t6cOOEn%2bDe01XIM4g%2b6EZC1wx13vjY8VzzXoNHQoYENIfpzEAdgN3p0Ullbbedjz3tNWZu%2b34r%2fX%2bzVIhgYcATF5sIO%2fP23r67oBGn4NCn0SvnXRsVkX9Dhts2jnEjm7j2AQ6wISriHf7dRN7ZE4v7Fz5QQzy%2bbCvrIkqQmp2XHCKW06hHF1ZFhrdDfaJtW9vReuxtpppCFd51Iay4Ck%2bPylThZ4%2bClJkU%2bYBCSJhBNjq0qC&ev=1&action=click&impressionpid=3df258b0-5820-4ba5-9e65-2a0c8a4f88bb&rn=1077131137&hmguid=04872f71-a880-4bc7-a4c7-89bcfeb6e593"/>
            
		    <input type="hidden" name="errorViewName" value="CategoryDisplayView"/>
		    <input type="hidden" name="SKU_ID" value="6379651"/>
		    <input type="hidden" name="itemType" value=""/>
		    
		    
	           <input type="hidden" name="ItemSKU_ID" value="6379651"/>
	        
		        <label class="access" for="quantity_856272">Quantity</label>
		        
					<input name="quantity"  id="quantity_856272" type="text" size="3" value="1" class="quantity"   />
				
                    <input type="hidden" name="catEntryId" value="856273"/>
                

		        <input type="hidden" name="productId" value="856272"/>
		        
		
		    <input type="hidden" name="URL" value="https://www.sainsburys.co.uk/webapp/wcs/stores/servlet/CategoryDisplay?langId=44&amp;storeId=10151&amp;krypto=g0CCAERPx%2F40Cyggn3OluE6MDI85EkhssBFXr0H5TvLHlYey%2FjE6O0xJvgrn1iFFzLWWyi3x9Y8uSRKA13TBrMPyZIYLu1HBVqbFxTiDOmV8REkE4FwDCuqrtw9UBXU6VDi7n%2BXgi7Fi3XInrCL7VIMzj89xR3e2R57ixZwIArQ%3D&amp;ddkey=https%3Agb%2Fgroceries%2Ffruit-veg%2Fberries-cherries-currants"/>
		    <input type="hidden" name="page" value=""/>
		    <input type="hidden" name="contractId" value=""/>
		    <input type="hidden" name="calculateOrder" value="1"/>
		    <input type="hidden" name="calculationUsage" value="-1,-2,-3"/>
		    <input type="hidden" name="updateable" value="1"/>
		    <input type="hidden" name="merge" value="***"/>
		     
		   	<input type="hidden" name="callAjax" value="false"/>
		   	
		    
		        <input class="button process"  type="submit" name="Add" value="Add" />
			


		</form>
	<!-- END AddToTrolley.jsp -->
        <div class="numberInTrolley hidden numberInTrolley_856272" id="numberInTrolley_856272">
            
        </div>
    
                                        </div>

                                        <!-- BEGIN CatalogEntryRatingsReviewsInfo.jspf --><!-- productAllowedRatingsAndReviews: true -->
    <div class="reviews">
        
            <a class="numberOfReviews" href="//cat.hlserve.com/beacon?fid=425&hl_qs=E278T8VGi12WNXlfObN3JgyVWXxTFSBLrZ5GpETuw%2fzIpYnRxLvmgnlrvO0AgqMg4Zptajk4VgvWbqGjTyWkataXnGXh8UBjqXyJahHYwmmRhk%2fA6xJiAmugJsa77F9g2GnU9W4CJhthnfJp5LSAnfK4OvzjkuUD%2bfFx49dUGgLJ92kGUORBF0Dw%2bKfk3AvyrvoEkzO3mM43wwVBUN%2fd3baTFFaF6RfewBjG3h1VnQH3VUu3IzR0%2bVIWdZLh1ozIG9So2AiUdCc8pr8HY44Av6s7rNub%2blu1i2mumNs%2bxWDX7Wo%2fBI9Ow11LM2rtVmx97omM2MhzkHYG%2fs1fHv2CHSM6CTmv2njrZekiVFoTbm8MFoxz4IADXpl1TyzG89w1JBsdcFKzKF6CYq9eoiWTPsrX1zB3aWsudDGEPPKggVqCs8UIR4zsqXF79VNHWWACQp2VrLCk6RnN5u%2bGwc1ULzA9WjeE2N%2bCZGqqVuLFyWb3mxK%2fcRUxb3nRpODbqnz7HpUE%2bNstlI25EK0bu%2blnbKA4MtuAsYYAnjYENr%2fcYfkbSAOQvOOt3q2m0CCBCi4nXYfBhEqj7Hpl2tkWdfXwccbHvuriLrA%2bQ6%2fU6TQltrSR0%2fiyWDE7F1rfGNrRWbfy1uJoTilbVA496M9rdXzYCU8stXvZBGy%2bgkSBX6TXjbWUB2yWMf3D2PwXEWZGPJc6Dofv5Eamsvn4ermReZ%2bP%2fLM8RcswrIi0enHfo0219E9d5E7FE2JTBM3zEazqefOBkF0wAVnKwu%2fF%2frx3a2sfET%2fTDeACsF%2fzj1AsBFXAFKXOOVF7rLsAAkwg7sVYggrdA6zs8T8udyZ3Bl0rT2radez%2fie%2bLJxnt4n%2bi%2byC9HLnqbj6hcDoc%2fNvfi2k3diUQI%2bX%2fFMc19Pa0Lv0DYbQyBDt70frDq72peClbfZFZXfSchq50LGEl98%2fAcqwZ0y5bSKv%2b3IKFeKCbk0GqAwvKkVESCXpFaHCPzHMaxJvV%2fP0%2b8GhKYHsTXyNEYvFli9N8g5ERqtIhM8G8q8hMiP7lNv3ZvA59FKCfdyN3XRAiQdq0pPLUfnApWz4wKFHhdYs%2bj9RIbJulZ3j32mTbJTaCUPGrgQ2QCL2Sw4xn6SI4SRIl41CCAGZCiNl5Xo%2bj1G6%2fXIpM2P5hwfSla1JkkA%2fmMerjQ6YU41N8%2bCaKxcYagkg68Xq4IeKtsC530xV1X045&ev=1&action=click&impressionpid=3df258b0-5820-4ba5-9e65-2a0c8a4f88bb&rn=191899486&hmguid=04872f71-a880-4bc7-a4c7-89bcfeb6e593&dest=https%3a%2f%2fwww.sainsburys.co.uk%2fshop%2fgb%2fgroceries%2fgarnier-summer-body--light-400ml#reviews" >
                <img src="//www.sainsburys.co.uk/wcsstore7.28.113/SainsburysStorefrontAssetStore/img/stars/rating-5_0.gif" alt="5.0" border="0"/>&nbsp; 
                Reviews (1)
            </a>
        
    </div>
<!-- END CatalogEntryRatingsReviewsInfo.jspf -->
                                   </div>
                               <!-- Start AddToSubscriptionList.jspf --><!-- Start AddToSubscriptionList.jsp --><!-- End AddToSubscriptionList.jsp --><!-- End AddToSubscriptionList.jspf -->     
                    </div>
                            
                    
                </div>     
            </div>
            <!--ThumbnailRestriction --><!-- END CatalogEntryThumbnailDisplay.jsp -->
	              </li>
	              

	               <li class="gridItem   ">  
	                   <!-- BEGIN CatalogEntryThumbnailDisplay.jsp -->
            <div class="product  hl-product hookLogic  highlighted specialOffer"
                onView-beacon=//b.hlserve.com/beacon?fid=425&hl_qs=E278T8VGi12WNXlfObN3JgyVWXxTFSBLrZ5GpETuw%2fw3ng4v%2fA5UZw7s0nticK%2baKjk%2boTflb%2fOCwowNu%2b3yDmvuBLP3jWyiUVuZ75jiCBmxm3FehJfvKx0DFtQf%2fd%2bXtkiI9ArYEIIx2T4bPoOX92g9T8oMlCLbF93M2adu%2b80c2W1puW%2fB%2bcSizYW%2fZK4pshhFUHv5VNMlinEdqOHqSpZtZkZqLmn%2bR0Fw4GSSBkATMg6QZQHhvXEavhz7eZ500563N26q6VQv3xUdThPasvj3AI6mS%2f%2fKAknYwUvSERha9w0ViFJI2URozb3anvmYfE1OOZwBR5naJCFJksDhdHWEOXPYEIeozsbTDamy9MclnGDZDF1B1GO6Zudak0DItyuQsqlPbiMac7pJycfOTgbuTWWgJItYqlgwPH4M7O7iifpm4QmNgcjI0q%2bWN99SivpOhLy8crfsCDCeEqgXnESnxoGgEfJslKY4oWqGeSM8LiM%2ftzJ4TPfQGF%2fpw7KFMCzvLiSObikq69QPVNMl4mD%2fAZdJzEzTmvnXCxvnaiULp9cxVxY7rUjE4bIJCZ3b5XObVWMr2BYdRc2GVmomcKPvGmaLR2vh1wIdfK4Ple8cyRR3t976DHhlWC1qIemR%2bsR5vUPRRrEK0SkDAKmDUh8AuHci2Ro0Lgw1zewXcw8IXT3mTJ5YlYtTum5GSw2GRnXIYukikWx3NhVOeB4x0bFWXfd5C4kgfkjqHvFFIPcVagSW4dvNjFx5XElS6GQ5ZFBbs%2fxTtgQHCEmgWKpI2xaqWRdqlJcoQWaYI4UUYgoTGMLS0CPRtUBSpDk08wosI9Y9Sc3MdZtqRObx6q1tU8gBkF%2bnExxqN04qxVAcZwbkapdmMFfi2vSgRRxauOEkFi5j4rZviSOAFD1hc3hn5QKQxHkZhECn0SmMd4L5YJINF%2bG5WlzA0teql883Y3jo03CDsB6V9jN0Mk8Hd1rLH0wPpHpOkb1O9Y8paODuzLeWObCkRMev%2fJOd01XAdPWLnpuEQL%2b2DTPzE%2fhWa90nuS3LLrj1yKNOqORSS3C6J7nNlR7blXruNo9obuCCynqQxcMxwO53bk4%2bfVqqJtnCj3ndF%2bdongMDbqS2VDWjXGiIocjj7YpFwjaXi2SXRrXXNzVx%2bS%2bjrjZnfgK06LIKTFiQCmWEU5ZZmtvefuXVtqnbBj1hQX4lCcebZyabZhRrR0ZgFgkkXnvLm3CtDcvm%2bqxF%2fWZk8OwAlaevriAv0zLOnJrTuuIaqnceF6ZyWyPyjVeDaiycA%2fZLY4P7GWqk8g%3d%3d&ev=1&action=imp&pageguid=b63b79d3-5d20-4edf-b3fd-ab88fce8e4ad&pid=698654f1-a262-43d9-9960-143bc9486a9b&rn=1645841328&hmguid=04872f71-a880-4bc7-a4c7-89bcfeb6e593"
                >
                
                
<wcbase:useBean id="sdb" classname="com.ibm.commerce.common.beans.StoreDataBean" scope="request" />
     
                <div class="productInfo">
                    <div class="productNameAndPromotions">
                        
                                  <h3>
                                    <a href="//cat.hlserve.com/beacon?fid=425&hl_qs=E278T8VGi12WNXlfObN3JgyVWXxTFSBLrZ5GpETuw%2fw3ng4v%2fA5UZw7s0nticK%2baKjk%2boTflb%2fOCwowNu%2b3yDmvuBLP3jWyiUVuZ75jiCBmxm3FehJfvKx0DFtQf%2fd%2bXtkiI9ArYEIIx2T4bPoOX92g9T8oMlCLbF93M2adu%2b80c2W1puW%2fB%2bcSizYW%2fZK4pshhFUHv5VNMlinEdqOHqSoQZlPlbsrAew6IYeLHjUpWTI09095WCM5rrCK6lo2gbJtWitXuERjGZukUhpcq7p37RwBCHRT0jrHU5AuwhyalBAbeTF7V9SljbIu16FTwVDYKnI1NkDooR9aSMza9o6gFTFEkhRXAGxDHUie5nDITCgBzPHOtjsfxfuPT%2bMAAtcTpp3I3Oz6Inq59xADTkOemmvDQ7vkEYgyFxn2qaJ3okzMZ0PmbYoSG75%2bDebD8cRRFS9XAxKup4a036TRFBU7JDnmFV32QsqbnHaxcPWY8y9wAf9RGMH4F%2bHWUtFa4DK5RiTku1wVrSM7c7dkC19tF8g41XqW4utk74RY3nKipuXNNxtXah3a8xbBQj0ZEZd6WBO8Rrx%2b1WNb2O1vr1x0q5C50rm8YGNOm%2f166arVtrJhQs1kqgu%2fj0VOXrAK6ATnZfJ%2fGFmnIrmHncc0rpdFdZha9FOjvmj5Y0Dervhu1NyN3hvMXQ1M6pVzidCbEE0BbKIdwHyg%2faA%2f34YdSsFsvpPQE636GD2wXnRcYL%2fvj17nZeLlwE8PFgUYpD6OwB5W54xQZAp4pyIOI4HJIWtzJCYB3b47xBNsB4AnMGt8SweQC0Vjjc0aRn%2bdTbwxIima2U7CUNBEnpeWvvCrfCLtYPjadl30QfgX6%2fHmCmfNeEdxC4yRqseppa39ohDGxF33pWV57FVp%2b8SRjf5iHPOq7cKlzEgtlpD8MEVrMcI7R%2fLm%2fHdWkbmGhzWT4jvfHNlnpH6dtfE9cLBR4NhPEIKeOARllUO66w6s4%2fdP48iuQ0vuhz0eXjfbmBZECYB6GDDDHh7tCp%2b5arofsfveyQrlhd7YQSPY2Ur%2bfdk7vq97lrYM7lOgUrjeuYRQTO22QC1impaTh9VnjJqR9ygf5fw%2f5DQ1tcKXG29zbiqU9EJHSdSkX1z9milPl1EDKqgS0wkXTDZhyLN3mAqizlopmlC1xid2e65wIqpBki%2fwqP7a8eiP74bFi7NeMeN9jGQxE5&ev=1&action=click&impressionpid=698654f1-a262-43d9-9960-143bc9486a9b&rn=1730160485&hmguid=04872f71-a880-4bc7-a4c7-89bcfeb6e593&dest=https%3a%2f%2fwww.sainsburys.co.uk%2fshop%2fgb%2fgroceries%2foral-b-vitality-plus-toothbrush" >
                                        Oral-B Vitality Plus Cross Action Electric Rechargeable Toothbrush
                                        <img src="//www.sainsburys.co.uk/wcsstore7.28.113/ExtendedSitesCatalogAssetStore/images/catalog/productImages/59/4210201123859/4210201123859_L.jpeg" alt="" />
                                    </a>
                                </h3>
                              
    <div class="promotion">
                   
		            <p><a href="//cat.hlserve.com/beacon?fid=425&hl_qs=E278T8VGi12WNXlfObN3JgyVWXxTFSBLrZ5GpETuw%2fw3ng4v%2fA5UZw7s0nticK%2baKjk%2boTflb%2fOCwowNu%2b3yDmvuBLP3jWyiUVuZ75jiCBmxm3FehJfvKx0DFtQf%2fd%2bXtkiI9ArYEIIx2T4bPoOX92g9T8oMlCLbF93M2adu%2b80c2W1puW%2fB%2bcSizYW%2fZK4pshhFUHv5VNMlinEdqOHqSoQZlPlbsrAew6IYeLHjUpWTI09095WCM5rrCK6lo2gbJtWitXuERjGZukUhpcq7p37RwBCHRT0jrHU5AuwhyalBAbeTF7V9SljbIu16FTwVDYKnI1NkDooR9aSMza9o6gFTFEkhRXAGxDHUie5nDITCgBzPHOtjsfxfuPT%2bMAAtcTpp3I3Oz6Inq59xADTkOemmvDQ7vkEYgyFxn2qaJ3okzMZ0PmbYoSG75%2bDebD8cRRFS9XAxKup4a036TRFBU7JDnmFV32QsqbnHaxcPWY8y9wAf9RGMH4F%2bHWUtFa4DK5RiTku1wVrSM7c7dkC19tF8g41XqW4utk74RY3nKipuXNNxtXah3a8xbBQj0ZEZd6WBO8Rrx%2b1WNb2O1vr1xx88WtwnnfIJVWoViogedhuTLlK3Fg8aPMUOGXhIbgAD%2fvOJDqqOkBCu6oAd9N8%2fvQE1RQxv1tMe5Sc%2bHM%2bFKqK%2fSIPoltSxixJvynJleZdqG8dyYJpsZYFbEg1whWVhwSomMUYehLTgONy6Br9gpdh8FQTiepi4jKxwGFt1ArNzEVkAaDfNkYDPkyeRuzjVZRygcRVpN%2fgrd%2fpUpRRMws3UQTuigwfPUunthneqEagFR19sh82c2cNqmOcJvBs422A9Qvti2DDuVBZRMtNtrV7J34uIBb%2fMcPUQlpCUFWeOdITnYDAg5hmNApRnZ2E%2fjeFNohoIRNgZYYi8YjIIUYQW3JZ9YY9TzYqqnwzxr4G5NrqhLhgnAfC7o1ubR4hz5fUGwOSqphvifCYK9TlWCIcrfWKucfEq2l0ttFjBvAqbvjiIddqevQRBbeuVKTgUZ2CeuLffE10fe8HRANBjQapEsLa9Go8quOuDucJSrpBORFbbSFQVv88cVJOQf4zGp0ChsJSJ82r5FXnToWMvz9jyih%2b1aG0X5MafXOffEfFggsmwMXaXpPuUAi%2bCxVfNgoRopOujPr0z8xUiO3onrC2AwEZWibrAoDGhiWdCbSol&ev=1&action=click&impressionpid=698654f1-a262-43d9-9960-143bc9486a9b&rn=978723245&hmguid=04872f71-a880-4bc7-a4c7-89bcfeb6e593&dest=https%3A%2F%2Fwww.sainsburys.co.uk%2Fshop%2FPromotionDisplayView%3FcatalogId%3D10123%26langId%3D44%26productId%3D958336%26storeId%3D10151%26promotionId%3D10310250"><!-- BEGIN include/PromotionStrapline.jspf -->Only Â£20.00: Save Â£10.00<br/>

<!-- FINISH include/PromotionStrapline.jspf -->
		            </a></p>
		                        
    </div>

                    </div> 
                </div>
                
            <div class="strapline">
                <a href="//cat.hlserve.com/beacon?fid=425&hl_qs=E278T8VGi12WNXlfObN3JgyVWXxTFSBLrZ5GpETuw%2fw3ng4v%2fA5UZw7s0nticK%2baKjk%2boTflb%2fOCwowNu%2b3yDmvuBLP3jWyiUVuZ75jiCBmxm3FehJfvKx0DFtQf%2fd%2bXtkiI9ArYEIIx2T4bPoOX92g9T8oMlCLbF93M2adu%2b80c2W1puW%2fB%2bcSizYW%2fZK4pshhFUHv5VNMlinEdqOHqSoQZlPlbsrAew6IYeLHjUpWTI09095WCM5rrCK6lo2gbJtWitXuERjGZukUhpcq7p37RwBCHRT0jrHU5AuwhyalBAbeTF7V9SljbIu16FTwVDYKnI1NkDooR9aSMza9o6gFTFEkhRXAGxDHUie5nDITCgBzPHOtjsfxfuPT%2bMAAtcTpp3I3Oz6Inq59xADTkOemmvDQ7vkEYgyFxn2qaJ3okzMZ0PmbYoSG75%2bDebD8cRRFS9XAxKup4a036TRFBU7JDnmFV32QsqbnHaxcPWY8y9wAf9RGMH4F%2bHWUtFa4DK5RiTku1wVrSM7c7dkC19tF8g41XqW4utk74RY3nKipuXNNxtXah3a8xbBQj0ZEZd6WBO8Rrx%2b1WNb2O1vr1xx88WtwnnfIJVWoViogedhuTLlK3Fg8aPMUOGXhIbgAD%2fvOJDqqOkBCu6oAd9N8%2fvQE1RQxv1tMe5Sc%2bHM%2bFKqK%2fSIPoltSxixJvynJleZdqG8dyYJpsZYFbEg1whWVhwSomMUYehLTgONy6Br9gpdh8FQTiepi4jKxwGFt1ArNzEVkAaDfNkYDPkyeRuzjVZRygcRVpN%2fgrd%2fpUpRRMws3UQTuigwfPUunthneqEagFR19sh82c2cNqmOcJvBs422A9Qvti2DDuVBZRMtNtrV7J34uIBb%2fMcPUQlpCUFWeOdITnYDAg5hmNApRnZ2E%2fjeFNohoIRNgZYYi8YjIIUYQW3JZ9YY9TzYqqnwzxr4G5NrqhLhgnAfC7o1ubR4hz5fUGwOSqphvifCYK9TlWCIcrfWKucfEq2l0ttFjBvAqbvjiIddqevQRBbeuVKTgUZ2CeuLffE10fe8HRANBjQapEsLa9Go8quOuDucJSrpBORFbbSFQVv88cVJOQf4zGp0ChsJSJ82r5FXnToWMvz9jyih%2b1aG0X5MafXOffEfFggsmwMXaXpPuUAi%2bCxVfNgoRopOujPr0z8xUiO3onrC2AwEZWibrAoDGhiWdCbSol&ev=1&action=click&impressionpid=698654f1-a262-43d9-9960-143bc9486a9b&rn=978723245&hmguid=04872f71-a880-4bc7-a4c7-89bcfeb6e593&dest=https%3A%2F%2Fwww.sainsburys.co.uk%2Fshop%2FPromotionDisplayView%3FcatalogId%3D10123%26langId%3D44%26productId%3D958336%26storeId%3D10151%26promotionId%3D10310250"><img src="/wcsstore7.28.113/SainsburysStorefrontAssetStore/wcassets/icons/special/img-special-offer.png" alt="Special Offer" />
                </a>
            </div>
          
                <div class="errorBanner hidden" id="error958337"></div>
                <div class="addToTrolleytabBox">   
                    <!--addToTrolleytabBox GRID VIEW --><!-- Start UserSubscribedOrNot.jspf --><!-- Start UserSubscribedOrNot.jsp --><!-- 
			If the user is not logged in, render this opening 
			DIV adding an addtional class to fix the border top which is removed 
			and replaced by the tabs
		-->
		<div class="addToTrolleytabContainer addItemBorderTop">
	<!-- End AddToSubscriptionList.jsp --><!-- End AddSubscriptionList.jspf --><!-- 
                    ATTENTION!!!
                    <div class="addToTrolleytabContainer">
                    This opening div is inside "../../ReusableObjects/UserSubscribedOrNot.jsp"
                    -->
                    <div class="pricingAndTrolleyOptions">
                        
                                    <div class="priceTab priceTabContainer activeContainer addItem" id="addItem_958337">
                                       <div class="pricing">
                                           
	<p class="pricePerUnit">
    Â£20.00<abbr title="per">/</abbr><abbr title="unit"><span class="pricePerUnitUnit">unit</span></abbr>
</p>
 
    <p class="pricePerMeasure">Â£20.00<abbr 
            title="per">/</abbr><abbr 
            title="each"><span class="pricePerMeasureMeasure">ea</span></abbr>
    </p>

                                       </div>                                      

                                     
                                        <div class="addToTrolleyForm "> 
                                           <!-- BEGIN AddToTrolley.jsp --><!-- fire an on add to bag here from true -->
		
		<form class="addToTrolleyForm" name="OrderItemAddForm_958337" action="OrderItemAdd" method="post" id="OrderItemAddForm_958337" class="addToTrolleyForm">
		    <input type="hidden" name="storeId" value="10151"/>
		    <input type="hidden" name="langId" value="44"/>
		    <input type="hidden" name="catalogId" value="10123"/>
		    
		    
                <input type="hidden" name="hookLogicOnClickUrl" value="//cat.hlserve.com/beacon?fid=425&hl_qs=E278T8VGi12WNXlfObN3JgyVWXxTFSBLrZ5GpETuw%2fw3ng4v%2fA5UZw7s0nticK%2baKjk%2boTflb%2fOCwowNu%2b3yDmvuBLP3jWyiUVuZ75jiCBmxm3FehJfvKx0DFtQf%2fd%2bXtkiI9ArYEIIx2T4bPoOX92g9T8oMlCLbF93M2adu%2b80c2W1puW%2fB%2bcSizYW%2fZK4pshhFUHv5VNMlinEdqOHqSoQZlPlbsrAew6IYeLHjUpWTI09095WCM5rrCK6lo2gbJtWitXuERjGZukUhpcq7p37RwBCHRT0jrHU5AuwhyalBAbeTF7V9SljbIu16FTwVDYKnI1NkDooR9aSMza9o6gFTFEkhRXAGxDHUie5nDITCgBzPHOtjsfxfuPT%2bMAAtcTpp3I3Oz6Inq59xADTkOemmvDQ7vkEYgyFxn2qaJ3okzMZ0PmbYoSG75%2bDebD8cRRFS9XAxKup4a036TRFBU7JDnmFV32QsqbnHaxcPWY8y9wAf9RGMH4F%2bHWUtFa4DK5RiTku1wVrSM7c7dkC19tF8g41XqW4utk74RY3nKipuXNNxtXah3a8xbBQj0ZEZd6WBO8Rrx%2b1WNb2O1vr1xx88WtwnnfIJVWoViogedhuTLlK3Fg8aPMUOGXhIbgAD%2fvOJDqqOkBCu6oAd9N8%2fvQE1RQxv1tMe5Sc%2bHM%2bFKqK%2fSIPoltSxixJvynJleZdqG8dyYJpsZYFbEg1whWVhwSomMUYehLTgONy6Br9gpdh8FQTiepi4jKxwGFt1ArNzEVkAaDfNkYDPkyeRuzjVZRygcRVpN%2fgrd%2fpUpRRMws3UQTuigwfPUunthneqEagFR19sh82c2cNqmOcJvBs422A9Qvti2DDuVBZRMtNtrV7J34uIBb%2fMcPUQlpCUFWeOdITnYDAg5hmNApRnZ2E%2fjeFNohoIRNgZYYi8YjIIUYQW3JZ9YY9TzYqqnwzxr4G5NrqhLhgnAfC7o1ubR4hz5fUGwOSqphvifCYK9TlWCIcrfWKucfEq2l0ttFjBvAqbvjiIddqevQRBbeuVKTgUZ2CeuLffE10fe8HRANBjQapEsLa9Go8quOuDucJSrpBORFbbSFQVv88cVJOQf4zGp0ChsJSJ82r5FXnToWMvz9jyih%2b1aG0X5MafXOffEfFggsmwMXaXpPuUAi%2bCxVfNgoRopOujPr0z8xUiO3onrC2AwEZWibrAoDGhiWdCbSol&ev=1&action=click&impressionpid=698654f1-a262-43d9-9960-143bc9486a9b&rn=978723245&hmguid=04872f71-a880-4bc7-a4c7-89bcfeb6e593"/>
            
		    <input type="hidden" name="errorViewName" value="CategoryDisplayView"/>
		    <input type="hidden" name="SKU_ID" value="7771431"/>
		    <input type="hidden" name="itemType" value=""/>
		    
		    
	           <input type="hidden" name="ItemSKU_ID" value="7771431"/>
	        
		        <label class="access" for="quantity_958336">Quantity</label>
		        
					<input name="quantity"  id="quantity_958336" type="text" size="3" value="1" class="quantity"   />
				
                    <input type="hidden" name="catEntryId" value="958337"/>
                

		        <input type="hidden" name="productId" value="958336"/>
		        
		
		    <input type="hidden" name="URL" value="https://www.sainsburys.co.uk/webapp/wcs/stores/servlet/CategoryDisplay?langId=44&amp;storeId=10151&amp;krypto=g0CCAERPx%2F40Cyggn3OluE6MDI85EkhssBFXr0H5TvLHlYey%2FjE6O0xJvgrn1iFFzLWWyi3x9Y8uSRKA13TBrMPyZIYLu1HBVqbFxTiDOmV8REkE4FwDCuqrtw9UBXU6VDi7n%2BXgi7Fi3XInrCL7VIMzj89xR3e2R57ixZwIArQ%3D&amp;ddkey=https%3Agb%2Fgroceries%2Ffruit-veg%2Fberries-cherries-currants"/>
		    <input type="hidden" name="page" value=""/>
		    <input type="hidden" name="contractId" value=""/>
		    <input type="hidden" name="calculateOrder" value="1"/>
		    <input type="hidden" name="calculationUsage" value="-1,-2,-3"/>
		    <input type="hidden" name="updateable" value="1"/>
		    <input type="hidden" name="merge" value="***"/>
		     
		   	<input type="hidden" name="callAjax" value="false"/>
		   	
		    
		        <input class="button process"  type="submit" name="Add" value="Add" />
			


		</form>
	<!-- END AddToTrolley.jsp -->
        <div class="numberInTrolley hidden numberInTrolley_958336" id="numberInTrolley_958336">
            
        </div>
    
                                        </div>

                                        <!-- BEGIN CatalogEntryRatingsReviewsInfo.jspf --><!-- productAllowedRatingsAndReviews: true -->
    <div class="reviews">
        
            <a class="numberOfReviews" href="//cat.hlserve.com/beacon?fid=425&hl_qs=E278T8VGi12WNXlfObN3JgyVWXxTFSBLrZ5GpETuw%2fw3ng4v%2fA5UZw7s0nticK%2baKjk%2boTflb%2fOCwowNu%2b3yDmvuBLP3jWyiUVuZ75jiCBmxm3FehJfvKx0DFtQf%2fd%2bXtkiI9ArYEIIx2T4bPoOX92g9T8oMlCLbF93M2adu%2b80c2W1puW%2fB%2bcSizYW%2fZK4pshhFUHv5VNMlinEdqOHqSoQZlPlbsrAew6IYeLHjUpWTI09095WCM5rrCK6lo2gbJtWitXuERjGZukUhpcq7p37RwBCHRT0jrHU5AuwhyalBAbeTF7V9SljbIu16FTwVDYKnI1NkDooR9aSMza9o6gFTFEkhRXAGxDHUie5nDITCgBzPHOtjsfxfuPT%2bMAAtcTpp3I3Oz6Inq59xADTkOemmvDQ7vkEYgyFxn2qaJ3okzMZ0PmbYoSG75%2bDebD8cRRFS9XAxKup4a036TRFBU7JDnmFV32QsqbnHaxcPWY8y9wAf9RGMH4F%2bHWUtFa4DK5RiTku1wVrSM7c7dkC19tF8g41XqW4utk74RY3nKipuXNNxtXah3a8xbBQj0ZEZd6WBO8Rrx%2b1WNb2O1vr1x0q5C50rm8YGNOm%2f166arVtrJhQs1kqgu%2fj0VOXrAK6ATnZfJ%2fGFmnIrmHncc0rpdFdZha9FOjvmj5Y0Dervhu1NyN3hvMXQ1M6pVzidCbEE0BbKIdwHyg%2faA%2f34YdSsFsvpPQE636GD2wXnRcYL%2fvj17nZeLlwE8PFgUYpD6OwB5W54xQZAp4pyIOI4HJIWtzJCYB3b47xBNsB4AnMGt8SweQC0Vjjc0aRn%2bdTbwxIima2U7CUNBEnpeWvvCrfCLtYPjadl30QfgX6%2fHmCmfNeEdxC4yRqseppa39ohDGxF33pWV57FVp%2b8SRjf5iHPOq7cKlzEgtlpD8MEVrMcI7R%2fLm%2fHdWkbmGhzWT4jvfHNlnpH6dtfE9cLBR4NhPEIKeOARllUO66w6s4%2fdP48iuQ0vuhz0eXjfbmBZECYB6GDDDHh7tCp%2b5arofsfveyQrlhd7YQSPY2Ur%2bfdk7vq97lrYM7lOgUrjeuYRQTO22QC1impaTh9VnjJqR9ygf5fw%2f5DQ1tcKXG29zbiqU9EJHSdSkX1z9milPl1EDKqgS0wkXTDZhyLN3mAqizlopmlC1xid2e65wIqpBki%2fwqP7a8eiP74bFi7NeMeN9jGQxE5&ev=1&action=click&impressionpid=698654f1-a262-43d9-9960-143bc9486a9b&rn=1730160485&hmguid=04872f71-a880-4bc7-a4c7-89bcfeb6e593&dest=https%3a%2f%2fwww.sainsburys.co.uk%2fshop%2fgb%2fgroceries%2foral-b-vitality-plus-toothbrush#reviews" >
                <img src="//www.sainsburys.co.uk/wcsstore7.28.113/SainsburysStorefrontAssetStore/img/stars/rating-4_7.gif" alt="4.7407" border="0"/>&nbsp; 
                Reviews (27)
            </a>
        
    </div>
<!-- END CatalogEntryRatingsReviewsInfo.jspf -->
                                   </div>
                               <!-- Start AddToSubscriptionList.jspf --><!-- Start AddToSubscriptionList.jsp --><!-- End AddToSubscriptionList.jsp --><!-- End AddToSubscriptionList.jspf -->     
                    </div>
                            
                    
                </div>     
            </div>
            <!--ThumbnailRestriction --><!-- END CatalogEntryThumbnailDisplay.jsp -->
	              </li>
	              

	               <li class="gridItem   ">  
	                   <!-- BEGIN CatalogEntryThumbnailDisplay.jsp -->
            <div class="product  hl-product hookLogic "
                onView-beacon=//b.hlserve.com/beacon?fid=425&hl_qs=E278T8VGi12WNXlfObN3JgyVWXxTFSBLrZ5GpETuw%2fzIpYnRxLvmgnlrvO0AgqMg4Zptajk4VgvWbqGjTyWkarqI3sTGMwe4RdtiFpxB0r5fDghX8uGdqg5xwJBKQOlWWe1Yto%2fIGQ9HdkZuGCqarcPFEL4dj2BX3l9k6COwN%2b2%2fdHzbbvjRbSt8fXYjsWwEtc4oxM6v4Mle4YKevVVdL4YRFyGefnwPk4H3mbN8uGU4CfnWcQicCo2FPBQ0o7nTTaxHArKWQ1I4ucD4jqOXEOFTekxfbyjKQIpScNdUY9kVX%2bm3pqJqHFqdrSDPmNintuLpaFSv%2bVTEPjHUsjavKsZ%2bNXrt%2bkRlRcHq5YYiK49%2bMTSfAQZJVWfcfiLmpTkbmUhZXCLFRz21vVvtUyXs%2fpNIA5I3tqcKgdXF6gr3IbkAmQk9aVPp6scrfc7A6UxXmiMX0F7VYvhcBQHtoPsm%2fbM5HPr1qDCk2wvfC%2f%2bpwP9B7DHry%2f823OmyLCZWL9UWuNR4GctMMnHHc5bmQcoHvTypqGm91%2bOc7lwyr%2bBOEuW83fjULPtBsq6%2bc5VcddUCtVo4ePxr%2fbXmTuhSWaYKB%2bed7GilBaJ8fCzIV%2fQLn3I%2b3IouZpqO195gAihwMLAEXNDG7OgW5RwjpCKO%2bJWfkYm%2fazqDdZnmgPzfLxdkBEWScwEHdUflDkoBs2TqRJyxfwtYPAqbjk0gtXTBokmTK2OAyz%2bQ%2b2zGfQBIksJmOUDKvXoqeXPcV8Q5tcWW6SziR9Q6v2Bdw9oigWoYez1zgxZEZnpguPzpZvwYl7DiJZi%2bOu4KlOU%2feexHEp2gJACe6qrQxjxBBFtAITVHErTUByqnu1IdtYUCGABKORYjSRcSH1%2frsliUVT7TR2wwmmntcJhlLGI6nISnbghkfujoiV8XOW9%2fpsjkaKBmUvwk%2bWQb8R9eQqW2ka9AkHzNQ1yd3DuTIVm7nBBedK91yD7%2fnUKVTQoej9DMOSldRYrpaqpSGH64pQmGUciNiDqgvcomZWkloNfOPq4p9HyovFsKQhOxFJ0KWoZryVkjNhlYEhxMgHFQWwlq2NhtlXQ65Wp60UZ98SkKpfwDrlLZlzs9rihDdCT%2fSYdpIseRjawyX4ydm9Uvzc0jkZQvksCeE7lY6qkiSkdxKwBajSOAKy%2b1JVbiM%2f5tppZp7vP20TAi%2fAEdWYvR%2bZ%2bR%2fdWdfTwJTI0vsVDy4aHzbsGxX12tdLnw5s9EMf4tuTr%2bGX0FSqB3gBtHx543gSN7EqYj5li%2fk6DSGqxNUwHsMVBkuVjFQ1rYtnt6Xb48v6p9Ir69eX2fzJ0%3d&ev=1&action=imp&pageguid=b63b79d3-5d20-4edf-b3fd-ab88fce8e4ad&pid=cc94de8f-9f81-4147-a6ba-d75a0ed7f8e0&rn=356133348&hmguid=04872f71-a880-4bc7-a4c7-89bcfeb6e593"
                >
                
                
<wcbase:useBean id="sdb" classname="com.ibm.commerce.common.beans.StoreDataBean" scope="request" />
     
                <div class="productInfo">
                    <div class="productNameAndPromotions">
                        
                                  <h3>
                                    <a href="//cat.hlserve.com/beacon?fid=425&hl_qs=E278T8VGi12WNXlfObN3JgyVWXxTFSBLrZ5GpETuw%2fzIpYnRxLvmgnlrvO0AgqMg4Zptajk4VgvWbqGjTyWkarqI3sTGMwe4RdtiFpxB0r5fDghX8uGdqg5xwJBKQOlWWe1Yto%2fIGQ9HdkZuGCqarcPFEL4dj2BX3l9k6COwN%2b2%2fdHzbbvjRbSt8fXYjsWwEtc4oxM6v4Mle4YKevVVdL4YRFyGefnwPk4H3mbN8uGXV05uOhBO%2bxwVf4byjRT3f1qzEO80EBnJhuUNMfu2UqI3jMMsZOEGVsY2%2bzTuLDkgL7PSvi0goaUU8R75ZftKHWQQfZpEgb17cLNShlmgd2nKmzJ3f47GCD7iQS0yP7G%2byep0nxkpq7zmvkTTPxME3NJGyinqLrvKPZblGgBzelLjXWvlRYx891G3VPIEN7OgJj9Qr4JZ1wvPJRuEJ1ixDTdcx1yGbzTapb2B6uu2pIhIWsUVNMUSBbLYCslssXqbYsKnIZQliTFu9K%2bLkkFea6PcJGI4v6whJE0f0V0AHJNCv7JPk3X5m3IXk5lEc4%2fikKfK%2fkR9lN8lTAjHEs4uOLW8R7hNzkZmgr6qZi1R0PipWOOkmiGv%2fwU%2f8KuLTsIK0VYh4pGj4RjpYKeyIZC%2by9oZUNXIg%2fhBUFNXkyFvuTcsFvyNs%2fZUr3sH325RWomA%2bJcbcrQdJET6ueN8xLRrIQokNLOdTyOaDhuFVEaytbFtofcGpcfsuVYFpbY1oCm0YfFZKTpW3%2fiGCKAN2BCrq97XBC3xNYd5xIT%2bP1jT3RMHIXQWnEm2XO%2bfhihUb9EJA7d%2b5FM%2bExTVvFEdSALdeaWhL66QiLYwrggHD2JRrYUV2gF3Hi9UfodJ6mr24r98yy7cmx9T49S%2fRKCrpvzPuTId8dLmijrV3e46ZrIiQWUDJYY8vSoxJsLoHRc7F1DSfh5Wko3yfqCcMWgyq5y5xPop1WEkM9WE6KMEUBy8QFFlo2zEhKy1CbXwJDczN%2f3Gx2m1MnEQT9%2f7fQcOCMfqlF2gt0oCJZHRf5gujqDF671Wf0ap8Idm9VcVjjj73sr2F3%2fpx%2b0%2fqvT9CSD%2fKw%2fJbvbJccDrM6ssUyKxd%2fPbM%2bAMToc4zNxPgswZPXs9yhOqVts02ugsna604gIX8z6zKRioQO8HNWcwhQxFwXIMt79hwqayiUe1RcR%2fJIlp7IIQhsBzWML7LxR4Dbi5I%2fsjIZHed4gBYaUW3AJvTNO2ChqqRRCB8vdAWCJVUJr%2bPKHk%3d&ev=1&action=click&impressionpid=cc94de8f-9f81-4147-a6ba-d75a0ed7f8e0&rn=129922872&hmguid=04872f71-a880-4bc7-a4c7-89bcfeb6e593&dest=https%3a%2f%2fwww.sainsburys.co.uk%2fshop%2fgb%2fgroceries%2fgarnier-micellar-water-combi-400ml" >
                                        Garnier Micellar Water Combination Skin 400ml
                                        <img src="//www.sainsburys.co.uk/wcsstore7.28.113/ExtendedSitesCatalogAssetStore/images/catalog/productImages/52/3600541594852/3600541594852_L.jpeg" alt="" />
                                    </a>
                                </h3>
                              
                    </div> 
                </div>
                
                <div class="errorBanner hidden" id="error960957"></div>
                <div class="addToTrolleytabBox">   
                    <!--addToTrolleytabBox GRID VIEW --><!-- Start UserSubscribedOrNot.jspf --><!-- Start UserSubscribedOrNot.jsp --><!-- 
			If the user is not logged in, render this opening 
			DIV adding an addtional class to fix the border top which is removed 
			and replaced by the tabs
		-->
		<div class="addToTrolleytabContainer addItemBorderTop">
	<!-- End AddToSubscriptionList.jsp --><!-- End AddSubscriptionList.jspf --><!-- 
                    ATTENTION!!!
                    <div class="addToTrolleytabContainer">
                    This opening div is inside "../../ReusableObjects/UserSubscribedOrNot.jsp"
                    -->
                    <div class="pricingAndTrolleyOptions">
                        
                                    <div class="priceTab priceTabContainer activeContainer addItem" id="addItem_960957">
                                       <div class="pricing">
                                           
	<p class="pricePerUnit">
    Â£5.00<abbr title="per">/</abbr><abbr title="unit"><span class="pricePerUnitUnit">unit</span></abbr>
</p>
 
    <p class="pricePerMeasure">Â£1.25<abbr 
            title="per">/</abbr>100<abbr 
            title="millilitre"><span class="pricePerMeasureMeasure">ml</span></abbr>
    </p>

                                       </div>                                      

                                     
                                        <div class="addToTrolleyForm "> 
                                           <!-- BEGIN AddToTrolley.jsp --><!-- fire an on add to bag here from true -->
		
		<form class="addToTrolleyForm" name="OrderItemAddForm_960957" action="OrderItemAdd" method="post" id="OrderItemAddForm_960957" class="addToTrolleyForm">
		    <input type="hidden" name="storeId" value="10151"/>
		    <input type="hidden" name="langId" value="44"/>
		    <input type="hidden" name="catalogId" value="10123"/>
		    
		    
                <input type="hidden" name="hookLogicOnClickUrl" value="//cat.hlserve.com/beacon?fid=425&hl_qs=E278T8VGi12WNXlfObN3JgyVWXxTFSBLrZ5GpETuw%2fzIpYnRxLvmgnlrvO0AgqMg4Zptajk4VgvWbqGjTyWkarqI3sTGMwe4RdtiFpxB0r5fDghX8uGdqg5xwJBKQOlWWe1Yto%2fIGQ9HdkZuGCqarcPFEL4dj2BX3l9k6COwN%2b2%2fdHzbbvjRbSt8fXYjsWwEtc4oxM6v4Mle4YKevVVdL4YRFyGefnwPk4H3mbN8uGXV05uOhBO%2bxwVf4byjRT3f1qzEO80EBnJhuUNMfu2UqI3jMMsZOEGVsY2%2bzTuLDkgL7PSvi0goaUU8R75ZftKHWQQfZpEgb17cLNShlmgd2nKmzJ3f47GCD7iQS0yP7G%2byep0nxkpq7zmvkTTPxME3NJGyinqLrvKPZblGgBzelLjXWvlRYx891G3VPIEN7OgJj9Qr4JZ1wvPJRuEJ1ixDTdcx1yGbzTapb2B6uu2pIhIWsUVNMUSBbLYCslssXqbYsKnIZQliTFu9K%2bLkkFea6PcJGI4v6whJE0f0V0AHJNCv7JPk3X5m3IXk5lEc4%2fikKfK%2fkR9lN8lTAjHEs4uOLW8R7hNzkZmgr6qZi1R0PipWOOkmiGv%2fwU%2f8KuLTsILfWOXK4JBMt%2b1Ex72N%2bFqou5RcrfaBBa744PmuMy9w4u7oO%2bDTYPeMI8%2fpDlOvu82GOWVF%2b3dKStJHQoQDsFOvh4bRP7Kpp2LgIikJh8YAyKuDl5JJqOTOVCcNn%2fiudbn%2fflC3lHzJm%2fp6J1rBLKnkJsH8wclIOs8ik%2fJmFtOG2j6glvIym7kgoqxFit%2fmsfoFt2O9GMIkrIJNQd4MVFaQ04FHmQhZw7onqiJj3YKa%2b8%2bDEXMvUrHwq%2b91CT9JZxA4PWGGgZvFMYUNiw2bJxMRsZj4GohJPTfJAi3S%2fhM9Fv2HLYWFuRdH%2fSjTmrRquuBeke3kYrsJsKjpRBYvYnzJw0vVIjYocVD3kHwH1TuXrcbWpO2TjmVC4IKZDLb7EEy0YskqOIrSZYpZBP5kZvghQnJYpHlq1Z2hVSIJrzrPBZEvE%2f2KPZbVu1VrwtHGDaQlPuIXzoOz%2b4%2bus8fZ0jqoMPjJkbHCugzJ2ZRoG9YQ4jpQ8cIZ0qElXK3FsK7VQB123xJWoN56z%2f%2bynkkg%2fDVCBunXzOtx3pyDTaT%2b%2fiyjCK4iuPd7Jzel4rXgP0kH6CYOakQtcWuX%2b0Tq5vc1xNpbervowQVN%2bm9twR1%2bjckRNuiE8vOWx7iI1hfgaLUqGwU%3d&ev=1&action=click&impressionpid=cc94de8f-9f81-4147-a6ba-d75a0ed7f8e0&rn=818603005&hmguid=04872f71-a880-4bc7-a4c7-89bcfeb6e593"/>
            
		    <input type="hidden" name="errorViewName" value="CategoryDisplayView"/>
		    <input type="hidden" name="SKU_ID" value="7772886"/>
		    <input type="hidden" name="itemType" value=""/>
		    
		    
	           <input type="hidden" name="ItemSKU_ID" value="7772886"/>
	        
		        <label class="access" for="quantity_960956">Quantity</label>
		        
					<input name="quantity"  id="quantity_960956" type="text" size="3" value="1" class="quantity"   />
				
                    <input type="hidden" name="catEntryId" value="960957"/>
                

		        <input type="hidden" name="productId" value="960956"/>
		        
		
		    <input type="hidden" name="URL" value="https://www.sainsburys.co.uk/webapp/wcs/stores/servlet/CategoryDisplay?langId=44&amp;storeId=10151&amp;krypto=g0CCAERPx%2F40Cyggn3OluE6MDI85EkhssBFXr0H5TvLHlYey%2FjE6O0xJvgrn1iFFzLWWyi3x9Y8uSRKA13TBrMPyZIYLu1HBVqbFxTiDOmV8REkE4FwDCuqrtw9UBXU6VDi7n%2BXgi7Fi3XInrCL7VIMzj89xR3e2R57ixZwIArQ%3D&amp;ddkey=https%3Agb%2Fgroceries%2Ffruit-veg%2Fberries-cherries-currants"/>
		    <input type="hidden" name="page" value=""/>
		    <input type="hidden" name="contractId" value=""/>
		    <input type="hidden" name="calculateOrder" value="1"/>
		    <input type="hidden" name="calculationUsage" value="-1,-2,-3"/>
		    <input type="hidden" name="updateable" value="1"/>
		    <input type="hidden" name="merge" value="***"/>
		     
		   	<input type="hidden" name="callAjax" value="false"/>
		   	
		    
		        <input class="button process"  type="submit" name="Add" value="Add" />
			


		</form>
	<!-- END AddToTrolley.jsp -->
        <div class="numberInTrolley hidden numberInTrolley_960956" id="numberInTrolley_960956">
            
        </div>
    
                                        </div>

                                        <!-- BEGIN CatalogEntryRatingsReviewsInfo.jspf --><!-- productAllowedRatingsAndReviews: true -->
    <div class="reviews">
        
            <a class="numberOfReviews" href="//cat.hlserve.com/beacon?fid=425&hl_qs=E278T8VGi12WNXlfObN3JgyVWXxTFSBLrZ5GpETuw%2fzIpYnRxLvmgnlrvO0AgqMg4Zptajk4VgvWbqGjTyWkarqI3sTGMwe4RdtiFpxB0r5fDghX8uGdqg5xwJBKQOlWWe1Yto%2fIGQ9HdkZuGCqarcPFEL4dj2BX3l9k6COwN%2b2%2fdHzbbvjRbSt8fXYjsWwEtc4oxM6v4Mle4YKevVVdL4YRFyGefnwPk4H3mbN8uGXV05uOhBO%2bxwVf4byjRT3f1qzEO80EBnJhuUNMfu2UqI3jMMsZOEGVsY2%2bzTuLDkgL7PSvi0goaUU8R75ZftKHWQQfZpEgb17cLNShlmgd2nKmzJ3f47GCD7iQS0yP7G%2byep0nxkpq7zmvkTTPxME3NJGyinqLrvKPZblGgBzelLjXWvlRYx891G3VPIEN7OgJj9Qr4JZ1wvPJRuEJ1ixDTdcx1yGbzTapb2B6uu2pIhIWsUVNMUSBbLYCslssXqbYsKnIZQliTFu9K%2bLkkFea6PcJGI4v6whJE0f0V0AHJNCv7JPk3X5m3IXk5lEc4%2fikKfK%2fkR9lN8lTAjHEs4uOLW8R7hNzkZmgr6qZi1R0PipWOOkmiGv%2fwU%2f8KuLTsIK0VYh4pGj4RjpYKeyIZC%2by9oZUNXIg%2fhBUFNXkyFvuTcsFvyNs%2fZUr3sH325RWomA%2bJcbcrQdJET6ueN8xLRrIQokNLOdTyOaDhuFVEaytbFtofcGpcfsuVYFpbY1oCm0YfFZKTpW3%2fiGCKAN2BCrq97XBC3xNYd5xIT%2bP1jT3RMHIXQWnEm2XO%2bfhihUb9EJA7d%2b5FM%2bExTVvFEdSALdeaWhL66QiLYwrggHD2JRrYUV2gF3Hi9UfodJ6mr24r98yy7cmx9T49S%2fRKCrpvzPuTId8dLmijrV3e46ZrIiQWUDJYY8vSoxJsLoHRc7F1DSfh5Wko3yfqCcMWgyq5y5xPop1WEkM9WE6KMEUBy8QFFlo2zEhKy1CbXwJDczN%2f3Gx2m1MnEQT9%2f7fQcOCMfqlF2gt0oCJZHRf5gujqDF671Wf0ap8Idm9VcVjjj73sr2F3%2fpx%2b0%2fqvT9CSD%2fKw%2fJbvbJccDrM6ssUyKxd%2fPbM%2bAMToc4zNxPgswZPXs9yhOqVts02ugsna604gIX8z6zKRioQO8HNWcwhQxFwXIMt79hwqayiUe1RcR%2fJIlp7IIQhsBzWML7LxR4Dbi5I%2fsjIZHed4gBYaUW3AJvTNO2ChqqRRCB8vdAWCJVUJr%2bPKHk%3d&ev=1&action=click&impressionpid=cc94de8f-9f81-4147-a6ba-d75a0ed7f8e0&rn=129922872&hmguid=04872f71-a880-4bc7-a4c7-89bcfeb6e593&dest=https%3a%2f%2fwww.sainsburys.co.uk%2fshop%2fgb%2fgroceries%2fgarnier-micellar-water-combi-400ml#reviews" >
                <img src="//www.sainsburys.co.uk/wcsstore7.28.113/SainsburysStorefrontAssetStore/img/stars/rating-4_4.gif" alt="4.4464" border="0"/>&nbsp; 
                Reviews (56)
            </a>
        
    </div>
<!-- END CatalogEntryRatingsReviewsInfo.jspf -->
                                   </div>
                               <!-- Start AddToSubscriptionList.jspf --><!-- Start AddToSubscriptionList.jsp --><!-- End AddToSubscriptionList.jsp --><!-- End AddToSubscriptionList.jspf -->     
                    </div>
                            
                    
                </div>     
            </div>
            <!--ThumbnailRestriction --><!-- END CatalogEntryThumbnailDisplay.jsp -->
	              </li>
	              

	               <li class="gridItem  hlLast ">  
	                   <!-- BEGIN CatalogEntryThumbnailDisplay.jsp -->
            <div class="product  hl-product hookLogic  highlighted specialOffer"
                onView-beacon=//b.hlserve.com/beacon?fid=425&hl_qs=E278T8VGi12WNXlfObN3JgyVWXxTFSBLrZ5GpETuw%2fzohbtj5KSYnnJ5j9mQLjLGtgsj6Cn8gFAP6X3zdgaGPw5rjVItR3FTXzLvuxX8eRRcol8cALyIIecz4xDtOux1gUK1Ax8Un6yVDTuVLUeF7c7d7g6fw%2fDDfKtZExcj2tBM0IL7jVNrgwnsgT7fau2KJlEceZRqaRFr5f3tNDGF%2bCVdQ7UL1mYyVS3kiNSzxKJTByLCbEKYGvNdJJyhrrKbgfef7gmmTCpmsrHBR6aTYDAHaBOosKmiGVEMH30Cpl2%2fH9AedOzIVMsJb0uBHr%2fSzmQ2mHgPx7Olbfa12pVOT8YTGxdi79JQFUHX%2fuAJqsM0%2bJziO7UAVIZueU8cFsfg3ri%2fO7VFAGzLdoqy2V7AkJLtQQiG1uDeTwDOkY2Eo%2bgY1iPPFYpnFiN2AZJuqGFxXcw6BWAcS%2bX0vKsDeko0FQJil%2b%2b5Ymuns5L%2b82KY%2f0vuGll94IjY1rkPamd%2bKHSzAZGzn1UEZAnNJz9uIV2LwZJ3WZw3fcNf%2fJUa1eTSjAsKKZlWS%2bbC4%2faPcS1vSXuNnDLH%2fBOFCvPAnp8e5aN94SILJRfjn62uqOhTQnOxKhbca%2bSvtQ%2fJ6VRpaCBB%2fr%2b6NSAPXjQFXGvy0DGOI1m3b1EoCzNd3l2O6DoCG%2blXH4dP6xIXWJ%2bBfEFIO407BHIUl46E2CwWo7vXJAp1AebwEaPECzjgt1TVT4sT1aOPwNiN%2bFg2rCZly5eFzXP2qXi%2b8BC4y51FcKD79Gn4mvO95%2f0O0R0DB%2bqTe4Bz8XsFHSgVHF1V5ebxnH8fi5aSpu358cTXsi4SQA4YBAEC4TxVKiKWsaIOB%2frofViNTJtfH1isguwhqPmLGLdMg1POe5voo%2fsWZAwrA2g8sVOz11vJhXV8hL2XO3eM2mGAoKKAlcR6jHZfotFBt1h13Ku%2fIHIe3W%2fADdmEOcX4Mr%2fpu%2fMp%2fs3VNFAzemi0nXpjzx1%2bZtUujgIQzPkB61p%2fZndONbHf4nEoxIjh43HP%2fsWGBBGgbPksRUlsyktxmBQJeVdURtFQdSREgfYCKwHTbORCcfiGKj5QiP7cNL9PHa85EWywodr4DcgGEhYQGb0eBd43qzM166AtktCwlnWdTe%2fwPClbHDiWNeelMtHOun9JHv35vNjs2jl19py8upN1rUezEPNQet4IgFWQZn4j5H9bIi4UJ34xzf8zgMPu%2bZOn2J8q4ITKkZJMB%2fN%2f2UdjaKaxk952JW%2f9b29EjBcwk4uYBG3sy1vmpCV2A7Uh8dWSfSW4tg%3d%3d&ev=1&action=imp&pageguid=b63b79d3-5d20-4edf-b3fd-ab88fce8e4ad&pid=3fa3173c-4852-46ba-a51b-9d19b6f2a7dd&rn=887405926&hmguid=04872f71-a880-4bc7-a4c7-89bcfeb6e593"
                >
                
                
<wcbase:useBean id="sdb" classname="com.ibm.commerce.common.beans.StoreDataBean" scope="request" />
     
                <div class="productInfo">
                    <div class="productNameAndPromotions">
                        
                                  <h3>
                                    <a href="//cat.hlserve.com/beacon?fid=425&hl_qs=E278T8VGi12WNXlfObN3JgyVWXxTFSBLrZ5GpETuw%2fzohbtj5KSYnnJ5j9mQLjLGtgsj6Cn8gFAP6X3zdgaGPw5rjVItR3FTXzLvuxX8eRRcol8cALyIIecz4xDtOux1gUK1Ax8Un6yVDTuVLUeF7c7d7g6fw%2fDDfKtZExcj2tBM0IL7jVNrgwnsgT7fau2KJlEceZRqaRFr5f3tNDGF%2bCVdQ7UL1mYyVS3kiNSzxKJzrXiRQcS5Hg1NRhb2W82tBJrU9r2kC05a5p%2fBSJWL%2bfkenyJfMdOU2mFZSy%2fnXl1bScAtDKZ9qBsRQdFu7iqlsKV%2fdEMsRnC2t5BRac1aq0RDlaJTFuu5FU8E1pOzPdfF%2fymdfjuo%2bv4o9Sb4WZgyrr7T6uqjNRtmlzrVVZBgrMsSPEUqetYq4EtNq1uCGuGqIzJu4Uedwi2TsWHasvDEQQpWzGpNYqi6VXoA3bIgnCXOyX%2bICPKj7Kxhz0cUJhChWMTvsfSAd0xt%2fQvz%2bfLNo3QeFTsKQx2%2bijj51wzcRkGmckLvP5ZKLmpc%2bsRA0ADYAIfBpVY7kngowev%2byc1pz4NlnF6oacYWKqsdwQFMtvUt9EMCTwLo7%2fQM8ePl3m68kMcGpRpnOLDRfD%2fk5OWn%2fdp8%2boiupuFkE4j4nmn4AktHPd2D26%2bl80HEdI%2fhzx4bfoNV3JNOs5en3ZL1yeblBsIuDYhXETyDWCNMw7xf1fj25yYvtUwSHREkoxh6qCvMqRY4DOll77%2fW%2f4fclyfU1%2fKJWOeWjlMreBxdzmkBvFpuusEgwD96gGKREg6QiZ6Ty0sUR6bCSDi75dDkgr2UThHvM2nV004QPOkq20SvhV3eqUy4QYdpmm%2b4IjaF933U97i4JLjEeIIzdGUiuZgyraVKp4fUT7RgZU3rrrIXxokr%2bl8yIvSDlhRvaSAs24s1Y3m7SeK1806Ts24mRSMN%2bmCpe1FzTegl08e3VkhX1MEMcsXFGLtHPMVT83CnIrYf1Qns7yn%2bWl4iMbdI3LRbCSNmB4M2ZpMaXoxrnfvIoW6Rp6pW%2fSJXI6iqpBKVKWHaKpmDClP3vGVXYUlQoyIkiCJWThWyw0dZsA9kuoaATg1nunB89e%2fVn%2bkvq81PRW3dXQ67%2fZK8S6T3MlyrGTiOY53FxTJghMJAmFGWG0YSAlOyFTPkiJmKSEQZWWoYyCqnPVBHttY8ENuiSZGnr%2f7eLRS3I2j9m2Iu8F9ELgAhqg%3d%3d&ev=1&action=click&impressionpid=3fa3173c-4852-46ba-a51b-9d19b6f2a7dd&rn=1503419264&hmguid=04872f71-a880-4bc7-a4c7-89bcfeb6e593&dest=https%3a%2f%2fwww.sainsburys.co.uk%2fshop%2fgb%2fgroceries%2fguinness-draught-10x440ml-%252841%2525-abv%2529" >
                                        Guinness Draught Stout 10x440ml
                                        <img src="//www.sainsburys.co.uk/wcsstore7.28.113/ExtendedSitesCatalogAssetStore/images/catalog/productImages/36/5000196000636/5000196000636_L.jpeg" alt="" />
                                    </a>
                                </h3>
                              
    <div class="promotion">
                   
		            <p><a href="//cat.hlserve.com/beacon?fid=425&hl_qs=E278T8VGi12WNXlfObN3JgyVWXxTFSBLrZ5GpETuw%2fzohbtj5KSYnnJ5j9mQLjLGtgsj6Cn8gFAP6X3zdgaGPw5rjVItR3FTXzLvuxX8eRRcol8cALyIIecz4xDtOux1gUK1Ax8Un6yVDTuVLUeF7c7d7g6fw%2fDDfKtZExcj2tBM0IL7jVNrgwnsgT7fau2KJlEceZRqaRFr5f3tNDGF%2bCVdQ7UL1mYyVS3kiNSzxKJzrXiRQcS5Hg1NRhb2W82tBJrU9r2kC05a5p%2fBSJWL%2bfkenyJfMdOU2mFZSy%2fnXl1bScAtDKZ9qBsRQdFu7iqlsKV%2fdEMsRnC2t5BRac1aq0RDlaJTFuu5FU8E1pOzPdfF%2fymdfjuo%2bv4o9Sb4WZgyrr7T6uqjNRtmlzrVVZBgrMsSPEUqetYq4EtNq1uCGuGqIzJu4Uedwi2TsWHasvDEQQpWzGpNYqi6VXoA3bIgnCXOyX%2bICPKj7Kxhz0cUJhChWMTvsfSAd0xt%2fQvz%2bfLNo3QeFTsKQx2%2bijj51wzcRkGmckLvP5ZKLmpc%2bsRA0ADYAIfBpVY7kngowev%2byc1pz4NlnF6oacYWKqsdwQFMtvUt9EMCTwLo7%2fQM8ePl3m54%2bY2M4di6YXRU6uHd8Fs1GB7C2Z33Ms6Y6zmrwm9m5T8dD%2b93Ee6E%2fx6n0%2fHDz3caQCFQWzd1RRn48t4c6k%2fsb1xWma5IvVR3ViABkEml4%2butKQJ4pSrtl1d%2bF7sf7qtQL2aTalgbJcIFaBQKgU6cSnO%2bY7U0Hll7vLNhuhI9T7YU1M89tJGgPtAJFK2LTQPqp0CvD5rnbSd6Rre54ObvTBwq90aD7C8ZGK0DpWhmavu0kpWC8X0IbybM0NBfEuLvnk7a0Tzh9l8%2bmVlc0diYTeLJQFoIx7u6Q27zjmIc%2fe3fYnekhy7SKy9GmA0o4mMBrQvxYKAZJkXzb2WD2yBsJL48XWM836OwNU%2bmeLYdEufO6a2%2bfTcjU95g8D1rMyk5b66gwIdm%2bbHVwgm6YJNJr%2fDjiakEpohRq%2f%2b3GZk5d9EjKElYNAQjdH8FK9V88tKgPfGgOyL48Sl9%2fOSaM1nEVqy7wdi0WyAW2nEgZaYL1uB1ku7NO%2b3YD%2f%2fEItituu3kmIBlyMIlbpgjh5eNjMCaMD4RzQy2Vf46IknkzzXdyzj2PbhnuksKuTSOe3K1r9qaUpZ6YKkBdp%2bSn6GdKGso223DtaelJ7kpk8%2b%2bn9KBOQ%3d%3d&ev=1&action=click&impressionpid=3fa3173c-4852-46ba-a51b-9d19b6f2a7dd&rn=1156766878&hmguid=04872f71-a880-4bc7-a4c7-89bcfeb6e593&dest=https%3A%2F%2Fwww.sainsburys.co.uk%2Fshop%2FPromotionDisplayView%3FcatalogId%3D10123%26langId%3D44%26productId%3D86862%26storeId%3D10151%26promotionId%3D10311218"><!-- BEGIN include/PromotionStrapline.jspf -->Only Â£9.00: Save Â£2.50<br/>

<!-- FINISH include/PromotionStrapline.jspf -->
		            </a></p>
		                        
    </div>

                    </div> 
                </div>
                
            <div class="strapline">
                <a href="//cat.hlserve.com/beacon?fid=425&hl_qs=E278T8VGi12WNXlfObN3JgyVWXxTFSBLrZ5GpETuw%2fzohbtj5KSYnnJ5j9mQLjLGtgsj6Cn8gFAP6X3zdgaGPw5rjVItR3FTXzLvuxX8eRRcol8cALyIIecz4xDtOux1gUK1Ax8Un6yVDTuVLUeF7c7d7g6fw%2fDDfKtZExcj2tBM0IL7jVNrgwnsgT7fau2KJlEceZRqaRFr5f3tNDGF%2bCVdQ7UL1mYyVS3kiNSzxKJzrXiRQcS5Hg1NRhb2W82tBJrU9r2kC05a5p%2fBSJWL%2bfkenyJfMdOU2mFZSy%2fnXl1bScAtDKZ9qBsRQdFu7iqlsKV%2fdEMsRnC2t5BRac1aq0RDlaJTFuu5FU8E1pOzPdfF%2fymdfjuo%2bv4o9Sb4WZgyrr7T6uqjNRtmlzrVVZBgrMsSPEUqetYq4EtNq1uCGuGqIzJu4Uedwi2TsWHasvDEQQpWzGpNYqi6VXoA3bIgnCXOyX%2bICPKj7Kxhz0cUJhChWMTvsfSAd0xt%2fQvz%2bfLNo3QeFTsKQx2%2bijj51wzcRkGmckLvP5ZKLmpc%2bsRA0ADYAIfBpVY7kngowev%2byc1pz4NlnF6oacYWKqsdwQFMtvUt9EMCTwLo7%2fQM8ePl3m54%2bY2M4di6YXRU6uHd8Fs1GB7C2Z33Ms6Y6zmrwm9m5T8dD%2b93Ee6E%2fx6n0%2fHDz3caQCFQWzd1RRn48t4c6k%2fsb1xWma5IvVR3ViABkEml4%2butKQJ4pSrtl1d%2bF7sf7qtQL2aTalgbJcIFaBQKgU6cSnO%2bY7U0Hll7vLNhuhI9T7YU1M89tJGgPtAJFK2LTQPqp0CvD5rnbSd6Rre54ObvTBwq90aD7C8ZGK0DpWhmavu0kpWC8X0IbybM0NBfEuLvnk7a0Tzh9l8%2bmVlc0diYTeLJQFoIx7u6Q27zjmIc%2fe3fYnekhy7SKy9GmA0o4mMBrQvxYKAZJkXzb2WD2yBsJL48XWM836OwNU%2bmeLYdEufO6a2%2bfTcjU95g8D1rMyk5b66gwIdm%2bbHVwgm6YJNJr%2fDjiakEpohRq%2f%2b3GZk5d9EjKElYNAQjdH8FK9V88tKgPfGgOyL48Sl9%2fOSaM1nEVqy7wdi0WyAW2nEgZaYL1uB1ku7NO%2b3YD%2f%2fEItituu3kmIBlyMIlbpgjh5eNjMCaMD4RzQy2Vf46IknkzzXdyzj2PbhnuksKuTSOe3K1r9qaUpZ6YKkBdp%2bSn6GdKGso223DtaelJ7kpk8%2b%2bn9KBOQ%3d%3d&ev=1&action=click&impressionpid=3fa3173c-4852-46ba-a51b-9d19b6f2a7dd&rn=1156766878&hmguid=04872f71-a880-4bc7-a4c7-89bcfeb6e593&dest=https%3A%2F%2Fwww.sainsburys.co.uk%2Fshop%2FPromotionDisplayView%3FcatalogId%3D10123%26langId%3D44%26productId%3D86862%26storeId%3D10151%26promotionId%3D10311218"><img src="/wcsstore7.28.113/SainsburysStorefrontAssetStore/wcassets/icons/special/img-special-offer.png" alt="Special Offer" />
                </a>
            </div>
          
                <div class="errorBanner hidden" id="error86863"></div>
                <div class="addToTrolleytabBox">   
                    <!--addToTrolleytabBox GRID VIEW --><!-- Start UserSubscribedOrNot.jspf --><!-- Start UserSubscribedOrNot.jsp --><!-- 
			If the user is not logged in, render this opening 
			DIV adding an addtional class to fix the border top which is removed 
			and replaced by the tabs
		-->
		<div class="addToTrolleytabContainer addItemBorderTop">
	<!-- End AddToSubscriptionList.jsp --><!-- End AddSubscriptionList.jspf --><!-- 
                    ATTENTION!!!
                    <div class="addToTrolleytabContainer">
                    This opening div is inside "../../ReusableObjects/UserSubscribedOrNot.jsp"
                    -->
                    <div class="pricingAndTrolleyOptions">
                        
                                    <div class="priceTab priceTabContainer activeContainer addItem" id="addItem_86863">
                                       <div class="pricing">
                                           
	<p class="pricePerUnit">
    Â£9.00<abbr title="per">/</abbr><abbr title="unit"><span class="pricePerUnitUnit">unit</span></abbr>
</p>
 
    <p class="pricePerMeasure">Â£2.04<abbr 
            title="per">/</abbr><abbr 
            title="litres"><span class="pricePerMeasureMeasure">ltr</span></abbr>
    </p>

                                       </div>                                      

                                     
                                        <div class="addToTrolleyForm "> 
                                           <!-- BEGIN AddToTrolley.jsp --><!-- fire an on add to bag here from true -->
		
		<form class="addToTrolleyForm" name="OrderItemAddForm_86863" action="OrderItemAdd" method="post" id="OrderItemAddForm_86863" class="addToTrolleyForm">
		    <input type="hidden" name="storeId" value="10151"/>
		    <input type="hidden" name="langId" value="44"/>
		    <input type="hidden" name="catalogId" value="10123"/>
		    
		    
                <input type="hidden" name="hookLogicOnClickUrl" value="//cat.hlserve.com/beacon?fid=425&hl_qs=E278T8VGi12WNXlfObN3JgyVWXxTFSBLrZ5GpETuw%2fzohbtj5KSYnnJ5j9mQLjLGtgsj6Cn8gFAP6X3zdgaGPw5rjVItR3FTXzLvuxX8eRRcol8cALyIIecz4xDtOux1gUK1Ax8Un6yVDTuVLUeF7c7d7g6fw%2fDDfKtZExcj2tBM0IL7jVNrgwnsgT7fau2KJlEceZRqaRFr5f3tNDGF%2bCVdQ7UL1mYyVS3kiNSzxKJzrXiRQcS5Hg1NRhb2W82tBJrU9r2kC05a5p%2fBSJWL%2bfkenyJfMdOU2mFZSy%2fnXl1bScAtDKZ9qBsRQdFu7iqlsKV%2fdEMsRnC2t5BRac1aq0RDlaJTFuu5FU8E1pOzPdfF%2fymdfjuo%2bv4o9Sb4WZgyrr7T6uqjNRtmlzrVVZBgrMsSPEUqetYq4EtNq1uCGuGqIzJu4Uedwi2TsWHasvDEQQpWzGpNYqi6VXoA3bIgnCXOyX%2bICPKj7Kxhz0cUJhChWMTvsfSAd0xt%2fQvz%2bfLNo3QeFTsKQx2%2bijj51wzcRkGmckLvP5ZKLmpc%2bsRA0ADYAIfBpVY7kngowev%2byc1pz4NlnF6oacYWKqsdwQFMtvUt9EMCTwLo7%2fQM8ePl3m54%2bY2M4di6YXRU6uHd8Fs1GB7C2Z33Ms6Y6zmrwm9m5T8dD%2b93Ee6E%2fx6n0%2fHDz3caQCFQWzd1RRn48t4c6k%2fsb1xWma5IvVR3ViABkEml4%2butKQJ4pSrtl1d%2bF7sf7qtQL2aTalgbJcIFaBQKgU6cSnO%2bY7U0Hll7vLNhuhI9T7YU1M89tJGgPtAJFK2LTQPqp0CvD5rnbSd6Rre54ObvTBwq90aD7C8ZGK0DpWhmavu0kpWC8X0IbybM0NBfEuLvnk7a0Tzh9l8%2bmVlc0diYTeLJQFoIx7u6Q27zjmIc%2fe3fYnekhy7SKy9GmA0o4mMBrQvxYKAZJkXzb2WD2yBsJL48XWM836OwNU%2bmeLYdEufO6a2%2bfTcjU95g8D1rMyk5b66gwIdm%2bbHVwgm6YJNJr%2fDjiakEpohRq%2f%2b3GZk5d9EjKElYNAQjdH8FK9V88tKgPfGgOyL48Sl9%2fOSaM1nEVqy7wdi0WyAW2nEgZaYL1uB1ku7NO%2b3YD%2f%2fEItituu3kmIBlyMIlbpgjh5eNjMCaMD4RzQy2Vf46IknkzzXdyzj2PbhnuksKuTSOe3K1r9qaUpZ6YKkBdp%2bSn6GdKGso223DtaelJ7kpk8%2b%2bn9KBOQ%3d%3d&ev=1&action=click&impressionpid=3fa3173c-4852-46ba-a51b-9d19b6f2a7dd&rn=1156766878&hmguid=04872f71-a880-4bc7-a4c7-89bcfeb6e593"/>
            
		    <input type="hidden" name="errorViewName" value="CategoryDisplayView"/>
		    <input type="hidden" name="SKU_ID" value="6026299"/>
		    <input type="hidden" name="itemType" value=""/>
		    
		    
	           <input type="hidden" name="ItemSKU_ID" value="6026299"/>
	        
		        <label class="access" for="quantity_86862">Quantity</label>
		        
					<input name="quantity"  id="quantity_86862" type="text" size="3" value="1" class="quantity"   />
				
                    <input type="hidden" name="catEntryId" value="86863"/>
                

		        <input type="hidden" name="productId" value="86862"/>
		        
		
		    <input type="hidden" name="URL" value="https://www.sainsburys.co.uk/webapp/wcs/stores/servlet/CategoryDisplay?langId=44&amp;storeId=10151&amp;krypto=g0CCAERPx%2F40Cyggn3OluE6MDI85EkhssBFXr0H5TvLHlYey%2FjE6O0xJvgrn1iFFzLWWyi3x9Y8uSRKA13TBrMPyZIYLu1HBVqbFxTiDOmV8REkE4FwDCuqrtw9UBXU6VDi7n%2BXgi7Fi3XInrCL7VIMzj89xR3e2R57ixZwIArQ%3D&amp;ddkey=https%3Agb%2Fgroceries%2Ffruit-veg%2Fberries-cherries-currants"/>
		    <input type="hidden" name="page" value=""/>
		    <input type="hidden" name="contractId" value=""/>
		    <input type="hidden" name="calculateOrder" value="1"/>
		    <input type="hidden" name="calculationUsage" value="-1,-2,-3"/>
		    <input type="hidden" name="updateable" value="1"/>
		    <input type="hidden" name="merge" value="***"/>
		     
		   	<input type="hidden" name="callAjax" value="false"/>
		   	
		    
		        <input class="button process"  type="submit" name="Add" value="Add" />
			


		</form>
	<!-- END AddToTrolley.jsp -->
        <div class="numberInTrolley hidden numberInTrolley_86862" id="numberInTrolley_86862">
            
        </div>
    
                                        </div>

                                        <!-- BEGIN CatalogEntryRatingsReviewsInfo.jspf --><!-- productAllowedRatingsAndReviews: true -->
    <div class="reviews">
        
            <a class="numberOfReviews" href="//cat.hlserve.com/beacon?fid=425&hl_qs=E278T8VGi12WNXlfObN3JgyVWXxTFSBLrZ5GpETuw%2fzohbtj5KSYnnJ5j9mQLjLGtgsj6Cn8gFAP6X3zdgaGPw5rjVItR3FTXzLvuxX8eRRcol8cALyIIecz4xDtOux1gUK1Ax8Un6yVDTuVLUeF7c7d7g6fw%2fDDfKtZExcj2tBM0IL7jVNrgwnsgT7fau2KJlEceZRqaRFr5f3tNDGF%2bCVdQ7UL1mYyVS3kiNSzxKJzrXiRQcS5Hg1NRhb2W82tBJrU9r2kC05a5p%2fBSJWL%2bfkenyJfMdOU2mFZSy%2fnXl1bScAtDKZ9qBsRQdFu7iqlsKV%2fdEMsRnC2t5BRac1aq0RDlaJTFuu5FU8E1pOzPdfF%2fymdfjuo%2bv4o9Sb4WZgyrr7T6uqjNRtmlzrVVZBgrMsSPEUqetYq4EtNq1uCGuGqIzJu4Uedwi2TsWHasvDEQQpWzGpNYqi6VXoA3bIgnCXOyX%2bICPKj7Kxhz0cUJhChWMTvsfSAd0xt%2fQvz%2bfLNo3QeFTsKQx2%2bijj51wzcRkGmckLvP5ZKLmpc%2bsRA0ADYAIfBpVY7kngowev%2byc1pz4NlnF6oacYWKqsdwQFMtvUt9EMCTwLo7%2fQM8ePl3m68kMcGpRpnOLDRfD%2fk5OWn%2fdp8%2boiupuFkE4j4nmn4AktHPd2D26%2bl80HEdI%2fhzx4bfoNV3JNOs5en3ZL1yeblBsIuDYhXETyDWCNMw7xf1fj25yYvtUwSHREkoxh6qCvMqRY4DOll77%2fW%2f4fclyfU1%2fKJWOeWjlMreBxdzmkBvFpuusEgwD96gGKREg6QiZ6Ty0sUR6bCSDi75dDkgr2UThHvM2nV004QPOkq20SvhV3eqUy4QYdpmm%2b4IjaF933U97i4JLjEeIIzdGUiuZgyraVKp4fUT7RgZU3rrrIXxokr%2bl8yIvSDlhRvaSAs24s1Y3m7SeK1806Ts24mRSMN%2bmCpe1FzTegl08e3VkhX1MEMcsXFGLtHPMVT83CnIrYf1Qns7yn%2bWl4iMbdI3LRbCSNmB4M2ZpMaXoxrnfvIoW6Rp6pW%2fSJXI6iqpBKVKWHaKpmDClP3vGVXYUlQoyIkiCJWThWyw0dZsA9kuoaATg1nunB89e%2fVn%2bkvq81PRW3dXQ67%2fZK8S6T3MlyrGTiOY53FxTJghMJAmFGWG0YSAlOyFTPkiJmKSEQZWWoYyCqnPVBHttY8ENuiSZGnr%2f7eLRS3I2j9m2Iu8F9ELgAhqg%3d%3d&ev=1&action=click&impressionpid=3fa3173c-4852-46ba-a51b-9d19b6f2a7dd&rn=1503419264&hmguid=04872f71-a880-4bc7-a4c7-89bcfeb6e593&dest=https%3a%2f%2fwww.sainsburys.co.uk%2fshop%2fgb%2fgroceries%2fguinness-draught-10x440ml-%252841%2525-abv%2529#reviews" >
                <img src="//www.sainsburys.co.uk/wcsstore7.28.113/SainsburysStorefrontAssetStore/img/stars/rating-5_0.gif" alt="5.0" border="0"/>&nbsp; 
                Reviews (1)
            </a>
        
    </div>
<!-- END CatalogEntryRatingsReviewsInfo.jspf -->
                                   </div>
                               <!-- Start AddToSubscriptionList.jspf --><!-- Start AddToSubscriptionList.jsp --><!-- End AddToSubscriptionList.jsp --><!-- End AddToSubscriptionList.jspf -->     
                    </div>
                            
                    
                </div>     
            </div>
            <!--ThumbnailRestriction --><!-- END CatalogEntryThumbnailDisplay.jsp -->
	              </li>
	                     
        </ul>
    
</div>
<!-- END HookLogicTileListDisplay.jsp -->    
        </div>
    <!-- END ShelfDisplay.jsp --><!-- ********************* ZDAS ESpot Display Start ********************** -->
            <div class="section eSpotContainer bottomESpots">
                <!-- Left POD ESpot Name = Z_Default_Espot_Content -->
                <!-- START ZDASPODDisplay.jsp -->

<div id="sitecatalyst_ESPOT_NAME_Z_Default_Espot_Content" class="siteCatalystTag">Z_Default_Espot_Content</div>

<!-- START MarketingSpotActivityDataDisplay.jspf --><!-- END MarketingSpotActivityDataDisplay.jspf --><!-- END ZDASPODDisplay.jsp -->
             </div>   
             
              
                
              <div class="section eSpotContainer bottomESpots">   
	                <!--  Middle POD Espot Name = Z_Default_Espot_Content -->
	                      <!-- START ZDASPODDisplay.jsp -->

<div id="sitecatalyst_ESPOT_NAME_Z_Default_Espot_Content" class="siteCatalystTag">Z_Default_Espot_Content</div>

<!-- START MarketingSpotActivityDataDisplay.jspf --><!-- END MarketingSpotActivityDataDisplay.jspf --><!-- END ZDASPODDisplay.jsp -->
                </div>
            <!-- ********************* ZDAS ESpot Display End ********************** -->
        </div>
        <!-- content End --><!-- auxiliary Start -->
        <div class="aside" id="auxiliary">
            <!-- BEGIN RightHandSide.jspf -->
<div id="auxiliaryDock">
    <!-- BEGIN RightHandSide.jsp -->

<div class="panel loginPanel">
	
    <div id="sitecatalyst_ESPOT_NAME_NZ_Welcome_Back_RHS_Espot" class="siteCatalystTag">NZ_Welcome_Back_RHS_Espot</div>

                    
	<h2>Already a customer?</h2>
    <form name="signIn" method="post" action="LogonView" id="Rhs_signIn">
        <input type="hidden" name="storeId" value="10151"/>
        <input type="hidden" name="langId" value="44"/>
        <input type="hidden" name="catalogId" value="10123"/>
        <input type="hidden" name="URL" value="https://www.sainsburys.co.uk/webapp/wcs/stores/servlet/CategoryDisplay?langId=44&storeId=10151&krypto=g0CCAERPx%2F40Cyggn3OluE6MDI85EkhssBFXr0H5TvLHlYey%2FjE6O0xJvgrn1iFFzLWWyi3x9Y8uSRKA13TBrMPyZIYLu1HBVqbFxTiDOmV8REkE4FwDCuqrtw9UBXU6VDi7n%2BXgi7Fi3XInrCL7VIMzj89xR3e2R57ixZwIArQ%3D&ddkey=https%3Agb%2Fgroceries%2Ffruit-veg%2Fberries-cherries-currants"/>
        <input type="hidden" name="logonCallerId" value="LogonButton"/>
        <input type="hidden" name="errorViewName" value="CategoryDisplayView"/>
        <input class="button process" type="submit" value="Log in" />
    </form>
    
	<div class="panelFooter">
		<p class="register">Not yet registered? 
		<a class="callToAction" name="register" href="https://www.sainsburys.co.uk/shop/PostcodeCheckView?catalogId=10122&currentPageUrl=https%3A%2F%2Fwww.sainsburys.co.uk%2Fwebapp%2Fwcs%2Fstores%2Fservlet%2FCategoryDisplay%3FlangId%3D44%26storeId%3D10151%26krypto%3Dg0CCAERPx%252F40Cyggn3OluE6MDI85EkhssBFXr0H5TvLHlYey%252FjE6O0xJvgrn1iFFzLWWyi3x9Y8uSRKA13TBrMPyZIYLu1HBVqbFxTiDOmV8REkE4FwDCuqrtw9UBXU6VDi7n%252BXgi7Fi3XInrCL7VIMzj89xR3e2R57ixZwIArQ%253D%26ddkey%3Dhttps%253Agb%252Fgroceries%252Ffruit-veg%252Fberries-cherries-currants&langId=44&storeId=10151"> Register Now</a></p>
	</div>
</div>
<div class="panel imagePanel checkPostCodePanel" id="checkPostCodePanel">
	
    <div id="sitecatalyst_ESPOT_NAME_NZ_Do_We_Deliver_To_You_Espot" class="siteCatalystTag">NZ_Do_We_Deliver_To_You_Espot</div>

        <h2>New customer?</h2>
    

    <p>Enter your postcode to check we deliver in your area.</p>
    
    
      <div id="PostCodeMessageArea" class="errorMessage" style="display:none;">
      </div>
    
	<form name="CheckPostCode" method="post" action="/webapp/wcs/stores/servlet/CheckPostCode" id="Rhs_checkPostCode">
		<input type="hidden" name="langId" value="44"/>
		<input type="hidden" name="storeId" value="10151"/>
		<input type="hidden" name="currentPageUrl" value="https://www.sainsburys.co.uk/webapp/wcs/stores/servlet/CategoryDisplay?langId=44&amp;storeId=10151&amp;krypto=g0CCAERPx%2F40Cyggn3OluE6MDI85EkhssBFXr0H5TvLHlYey%2FjE6O0xJvgrn1iFFzLWWyi3x9Y8uSRKA13TBrMPyZIYLu1HBVqbFxTiDOmV8REkE4FwDCuqrtw9UBXU6VDi7n%2BXgi7Fi3XInrCL7VIMzj89xR3e2R57ixZwIArQ%3D&amp;ddkey=https%3Agb%2Fgroceries%2Ffruit-veg%2Fberries-cherries-currants"/>
         
            <input type="hidden" name="currentViewName" value="CategoryDisplayView"/>
        
		<input type="hidden" name="messageAreaId" value="PostCodeMessageArea"/>
		
		<div class="field">
			<div class="indicator">
				<label class="access" for="postCode">Postcode</label>
			</div>
			<div class="input">
				<input type="text" name="postCode" id="postCode" maxlength="8" value="" />
			</div>
		</div>
		<div class="actions">
			<input class="button primary process" type="submit" value="Check postcode"/>
		</div>      
	</form>
</div>
<!-- END RightHandSide.jsp --><!-- BEGIN MiniShopCartDisplay.jsp --><!-- If we get here from a generic error this service will fail so we need to catch the exception -->
		<div class="panel infoPanel">
			<span class="icon infoIcon"></span>
		   	<h2>Important Information</h2>
			<p>Alcohol pricing & promotions for customers served from our Scottish stores may differ from those shown when browsing our site. Please log in to see the full range of alcohol prices & promotions available to you.</p>
		</div>
	<!-- END MiniShopCartDisplay.jsp -->
</div>
<!-- END RightHandSide.jspf -->
        </div>
        <!-- auxiliary End -->
    </div>
    <!-- Main Area End --><!-- Footer Start --><!-- BEGIN LayoutContainerBottom.jspf --><!-- BEGIN FooterDisplay.jspf -->


<div id="globalFooter" class="footer">
    
    <ul class="footerLinkList">
	    <li>
	       
	       <a href="https://privacy-hub.sainsburys.co.uk/privacy-policy">Privacy policy</a>
	    </li>
	    <li>
	       
	       <a href="https://privacy-hub.sainsburys.co.uk/cookie-policy">Cookie policy</a>
	    </li>
	    <li>
	       
	       <a href="https://help.sainsburys.co.uk/help/website/terms-conditions-acceptance">Terms &amp; conditions</a>
	    </li>
	    <li>
	       
	       <a href="https://help.sainsburys.co.uk/help/website/our-commitment">Accessibility</a>
	    </li>
	    <li>
	       
	       <a href="https://help.sainsburys.co.uk/help/">Help Centre</a>
	    </li>
        <li>
           
           <a href="https://help.sainsburys.co.uk/help/how_to_contact_us">Contact us</a>
        </li>
    </ul>
    
</div>

<!-- END FooterDisplay.jspf --><!-- END LayoutContainerBottom.jspf --><!-- Footer Start End -->
    </div>
    <!--// End #page  --><!-- Bright Tagger start -->

	<div id="sitecatalyst_ws" class="siteCatalystTag"></div>
	
    <script type="text/javascript">
        var brightTagStAccount = 'sp0XdVN';
    </script>
    <noscript>
        <iframe src="//s.thebrighttag.com/iframe?c=sp0XdVN" width="1" height="1" frameborder="0" scrolling="no" marginheight="0" marginwidth="0"></iframe>
    </noscript>
<!-- Bright Tagger End -->
 <script type="text/javascript">
 (function(){
 
    
    
        digitalData.page = {pageInfo:{},events:[]}; //If there is no event then create an event array
    
        var pageName = '' ? document.body.id+':':document.body.id; digitalData.page.pageInfo.pageName =pageName;
        var breadCrumb = document.querySelectorAll('#breadcrumbNavList > li > a,#breadcrumbNavList > li > strong,#breadcrumbNavList > li > span > strong');
        var element = [];
        var level;
        for (var i=0,il=breadCrumb.length; i<il; i++) {
            element.push(breadCrumb[i].textContent.trim());
            if (i == 0) {
                level = 'Zone';
            } else if (i == 1) {
                level = 'Department';
            } else if (i == 2) {
                level = 'Aisle';
            } else if(i == 3) {
                level = 'Shelf';
            }
        }
        var bElement = element ? element.join('::'):'';
        
    
                if (bElement.length > 0 && bElement.trim()) { 
                    digitalData.page.pageInfo.breadCrumbs = 'Groceries::' + bElement;
                }
        
    
    digitalData.page.pageInfo.lang = 'en-gb';
    digitalData.page.pageInfo.rendering = 'web';
    
    var messagesDD;
    
    
	    digitalData.user = {
	        profile : {
	            profileInfo : {
	                websphereId : '',
	                deliveryPostcode: '',
	                deliveryStoreId: '',
	                deliverySlot: '',
	                deliveryCost: '',
	                deliveryOption: '',
	                deliveryType: '',
	                shoppingmode: '',
	                isSameDay: '',
	                blueMartini:''
	            }
	        } 
	    };
    
        
})();

/** -- START: Tealium Universal Tag -- **/
(function(a,b,c,d){ a='//tags.tiqcdn.com/utag/sainsburys/groceries/prod/utag.js'; b=document;c='script';d=b.createElement(c);d.src=a; d.type='text/java'+c;d.async=true; a=b.getElementsByTagName(c)[0];a.parentNode.insertBefore(d,a) })();
/** -- END: Tealium Universal Tag -- **/

</script>
<!-- Peerius Analytics start -->
    <script type="text/javascript">
     (function(){
        digitalData.thirdPartyData = {peeriusData:[]};
        digitalData.thirdPartyData.peeriusData = digitalData.thirdPartyData.peeriusData || [];
        var userId = digitalData.user.profile.profileInfo.websphereId.trim();
        var emailVal = '';
        if (userId.length > 0) {
            emailVal = userId + '@sainsburys.co.uk';
        }    
        
        peeriusObj = {
             recContent: 'refCodeOnly',
             user: {
                 email: emailVal
             }
        }; 
        digitalData.thirdPartyData.peeriusData.push(peeriusObj);
       
     })();
     
    
    </script>
    
    <script type="text/JavaScript" src="//sainsburysgroceries.peerius.com/tracker/peerius.page" charset="UTF-8"></script>
<!-- Peerius Analytics End -->
    
</body>
</html>

<!-- END CategoriesDisplay.jsp -->